@article{ahuhn2023parametric,
	year         = {2023},
	pages        = {111852},
	title        = {{Parametric dynamic mode decomposition for reduced order modeling}},
	volume       = {475},
	journal      = {Journal of Computational Physics},
	author       = {Quincy A. Huhn and Mauricio E. Tano and Jean C. Ragusa and Youngsoo Choi}
}

@article{ahuhn2023physics-informed,
	year         = {2023},
	pages        = {2484--2497},
	title        = {{Physics-Informed Neural Network with Fourier Features for Radiation Transport in Heterogeneous Media}},
	volume       = {197},
	journal      = {Nuclear Science and Engineering},
	publisher    = {Taylor \& Francis},
	author       = {Quincy A. Huhn and Mauricio E. Tano and Jean C. Ragusa}
}

@article{albeverio1998analysis,
	year         = {1998},
	pages        = {444–500},
	title        = {{Analysis and Geometry on Configuration Spaces}},
	volume       = {154},
	journal      = {Journal of Functional Analysis},
	publisher    = {Elsevier BV},
	author       = {Albeverio, S and Kondratiev, Yu.G and R\"{o}ckner, M}
}

@inproceedings{amsaleg2015estimating,
	year         = {2015},
	title        = {{Estimating Local Intrinsic Dimensionality}},
	series       = {KDD '15},
	booktitle    = {Proceedings of the 21th ACM SIGKDD International Conference on Knowledge Discovery and Data Mining},
	publisher    = {ACM},
	author       = {Amsaleg, Laurent and Chelly, Oussama and Furon, Teddy and Girard, St\'{e}phane and Houle, Michael E. and Kawarabayashi, Ken-ichi and Nett, Michael}
}

@article{Amsallem_2012,
	year         = {2012},
	pages        = {891–916},
	title        = {{Nonlinear model order reduction based on local reduced-order bases}},
	number       = {10},
	volume       = {92},
	journal      = {International Journal for Numerical Methods in Engineering},
	publisher    = {Wiley},
	author       = {Amsallem, David and Zahr, Matthew J. and Farhat, Charbel}
}

@article{Amsallem_2015,
	year         = {2015},
	pages        = {1187–1230},
	title        = {{Fast local reduced basis updates for the efficient reduction of nonlinear systems with hyper-reduction}},
	number       = {5},
	volume       = {41},
	journal      = {Advances in Computational Mathematics},
	publisher    = {Springer Science and Business Media LLC},
	author       = {Amsallem, David and Zahr, Matthew J. and Washabaugh, Kyle}
}

@article{amsallem2012nonlinear,
	year         = {2012},
	pages        = {891–916},
	title        = {{Nonlinear model order reduction based on local reduced-order bases}},
	volume       = {92},
	journal      = {International Journal for Numerical Methods in Engineering},
	publisher    = {Wiley},
	author       = {Amsallem, David and Zahr, Matthew J. and Farhat, Charbel}
}

@article{amsallem2016pebl,
	year         = {2016},
	pages        = {1--25},
	title        = {{PEBL-ROM: Projection-error based local reduced-order models}},
	number       = {1},
	volume       = {3},
	journal      = {Advanced Modeling and Simulation in Engineering Sciences},
	publisher    = {Springer},
	author       = {Amsallem, David and Haasdonk, Bernard}
}

@article{an2009optimizing,
	year         = {2009},
	pages        = {165},
	title        = {{Optimizing cubature for efficient integration of subspace deformations}},
	number       = {5},
	volume       = {27},
	journal      = {ACM transactions on graphics},
	publisher    = {NIH Public Access},
	author       = {An, S.S. and Kim, T. and James, D.L.}
}

@article{ananthoju2017model,
	year         = {2017},
	pages        = {454--464},
	title        = {{Model reduction of AHWR space–time kinetics using balanced truncation}},
	volume       = {102},
	journal      = {Annals of Nuclear Energy},
	author       = {Rajasekhar Ananthoju and A.P. Tiwari and Madhu N. Belur}
}

@inbook{antil2014application,
	year         = {2014},
	pages        = {101–136},
	title        = {{Application of the Discrete Empirical Interpolation Method to Reduced Order Modeling of Nonlinear and Parametric Systems}},
	booktitle    = {Reduced Order Methods for Modeling and Computational Reduction},
	publisher    = {Springer International Publishing},
	author       = {Antil, Harbir and Heinkenschloss, Matthias and Sorensen, Danny C.}
}

@article{aresdeparga2023hyper-reduction,
	year         = {2023},
	pages        = {116298},
	title        = {{Hyper-reduction for Petrov–Galerkin reduced order models}},
	volume       = {416},
	journal      = {Computer Methods in Applied Mechanics and Engineering},
	publisher    = {Elsevier BV},
	author       = {Ares de Parga, S. and Bravo, J.R. and Hern\'{a}ndez, J.A. and Zorrilla, R. and Rossi, R.}
}

@article{Argaud_2018,
	year         = {2018},
	month        = {jun},
	pages        = {354–370},
	title        = {{Sensor placement in nuclear reactors based on the generalized empirical interpolation method}},
	volume       = {363},
	journal      = {Journal of Computational Physics},
	publisher    = {Elsevier BV},
	author       = {J.-P. Argaud \& B. Bouriquet \& F. de Caso \& H. Gong \& Y. Maday \& O. Mula}
}

@article{arkani-hamed2021positive,
	year         = {2021},
	pages        = {909–954},
	title        = {{Positive Configuration Space}},
	volume       = {384},
	journal      = {Communications in Mathematical Physics},
	publisher    = {Springer Science and Business Media LLC},
	author       = {Arkani-Hamed, Nima and Lam, Thomas and Spradlin, Marcus}
}

@article{ascher1994stabilization,
	year         = {1994},
	pages        = {131–149},
	title        = {{Stabilization of DAEs and invariant manifolds}},
	volume       = {67},
	journal      = {Numerische Mathematik},
	publisher    = {Springer Science and Business Media LLC},
	author       = {Ascher, Uri M. and Chin, Hongsheng and Reich, Sebastian}
}

@article{asgari2014application,
	year         = {2014},
	pages        = {278–285},
	title        = {{Application of {POD} plus {LTI ROM} to Battery Thermal Modeling: {SISO} Case}},
	volume       = {7},
	journal      = {SAE International Journal of Commercial Vehicles},
	publisher    = {SAE International},
	author       = {Saeed Asgari \& Xiao Hu \& Michael Tsuk \& Shailendra Kaushik}
}

@article{astrid2008missing,
	year         = {2008},
	pages        = {2237--2251},
	title        = {{Missing Point Estimation in Models Described by Proper Orthogonal Decomposition}},
	volume       = {53},
	journal      = {IEEE Transactions on Automatic Control},
	keywords     = {Reduced order systems;Large-scale systems;Partial differential equations;Moment methods;Optimization methods;Computational fluid dynamics;Computational modeling;Computer industry;Glass industry;Glass manufacturing;Model reduction;parameter-varying systems;proper orthogonal decomposition;time-varying systems},
	author       = {Astrid, Patricia and Weiland, Siep and Willcox, Karen and Backx, Ton}
}

@article{ates2009non-resonant,
	year         = {2009},
	pages        = {724–728},
	title        = {{Non-resonant dot–cavity coupling and its potential for resonant single-quantum-dot spectroscopy}},
	volume       = {3},
	journal      = {Nature Photonics},
	publisher    = {Springer Science and Business Media LLC},
	author       = {Ates, S. and Ulrich, S. M. and Ulhaq, A. and Reitzenstein, S. and L\"{o}ffler, A. and H\"{o}fling, S. and Forchel, A. and Michler, P.}
}

@article{AthanasiosAntoulasUnknown,
	pages        = {1093--1121},
	title        = {{Approximation of large-scale dynamical systems: an overview}},
	volume       = {11},
	journal      = {International Journal of Applied Mathematics and Computer Science},
	author       = {Athanasios Antoulas and Dan Sorensen}
}

@article{aubry1991on,
	year         = {1991},
	month        = {aug},
	pages        = {339--352},
	title        = {{On the hidden beauty of the proper orthogonal decomposition}},
	number       = {5},
	volume       = {2},
	journal      = {Theor. Comput. Fluid Dyn.},
	publisher    = {Springer-Verlag},
	author       = {Nadine Aubry}
}

@article{balajewicz2012stabilization,
	year         = {2012},
	pages        = {1619–1632},
	title        = {{Stabilization of projection-based reduced order models of the Navier–Stokes}},
	volume       = {70},
	journal      = {Nonlinear Dynamics},
	publisher    = {Springer Science and Business Media LLC},
	author       = {Balajewicz, Maciej and Dowell, Earl H.}
}

@inbook{ballmann1985manifolds,
	year         = {1985},
	pages        = {261–268},
	title        = {{Manifolds of non positive curvature}},
	booktitle    = {Arbeitstagung Bonn 1984},
	publisher    = {Springer Berlin Heidelberg},
	author       = {Ballmann, W.}
}

@article{balsa-canto2002novel,
	year         = {2002},
	pages        = {227–234},
	title        = {{A novel, efficient and reliable method for thermal process design and optimization. Part I: theory}},
	volume       = {52},
	journal      = {Journal of Food Engineering},
	publisher    = {Elsevier BV},
	author       = {Balsa-Canto, Eva and Alonso, Antonio A. and Banga, Julio R.}
}

@article{barnett2022quadratic,
	year         = {2022},
	title        = {{Quadratic Approximation Manifold for Mitigating the Kolmogorov Barrier in Nonlinear Projection-Based Model Order Reduction}},
	journal      = {arXiv preprint arXiv:2204.02462},
	author       = {Barnett, Joshua and Farhat, Charbel}
}

@article{barnett2023neural-network-augmenteda,
	year         = {2023},
	pages        = {112420},
	title        = {{Neural-network-augmented projection-based model order reduction for mitigating the Kolmogorov barrier to reducibility}},
	volume       = {492},
	journal      = {Journal of Computational Physics},
	publisher    = {Elsevier BV},
	author       = {Barnett, Joshua and Farhat, Charbel and Maday, Yvon}
}

@article{barrault2004empirical,
	year         = {2004},
	pages        = {667–672},
	title        = {{An `empirical interpolation' method: application to efficient reduced-basis discretization of partial differential equations}},
	volume       = {339},
	journal      = {Comptes Rendus. Math\'ematique},
	publisher    = {Cellule MathDoc/Centre Mersenne},
	author       = {Maxime Barrault \& Yvon Maday \& Ngoc Cuong Nguyen \& Anthony T. Patera}
}

@article{behere2021reduced,
	year         = {2021},
	pages        = {1120},
	title        = {{Reduced Order Modeling Methods for Aviation Noise Estimation}},
	volume       = {13},
	journal      = {Sustainability},
	publisher    = {MDPI AG},
	author       = {Behere, Ameya and Rajaram, Dushhyanth and Puranik, Tejas G. and Kirby, Michelle and Mavris, Dimitri N.}
}

@book{behljr2020development,
	year         = {2020},
	title        = {{Development of Reduced Order Models Using Reservoir Simulation and Physics Informed Machine Learning Techniques}},
	publisher    = {Louisiana State University and Agricultural \& Mechanical College},
	author       = {Behl Jr, Mark V}
}

@article{behne2022minimally-invasive,
	year         = {2022},
	pages        = {111525},
	title        = {{Minimally-invasive parametric model-order reduction for sweep-based radiation transport}},
	volume       = {469},
	journal      = {Journal of Computational Physics},
	author       = {Patrick Behne and Jan Vermaak and Jean C. Ragusa}
}

@article{behne2022parametric,
	year         = {2022},
	pages        = {233–261},
	title        = {{Parametric Model-Order Reduction for Radiation Transport Simulations Based on an Affine Decomposition of the Operators}},
	volume       = {197},
	journal      = {Nuclear Science and Engineering},
	publisher    = {Informa UK Limited},
	author       = {Behne, Patrick and Vermaak, Jan and Ragusa, Jean}
}

@article{behne2023parametrica,
	year         = {2023},
	pages        = {109432},
	title        = {{Parametric model-order reduction for radiation transport using multi-resolution proper orthogonal decomposition}},
	volume       = {180},
	journal      = {Annals of Nuclear Energy},
	publisher    = {Elsevier BV},
	author       = {Behne, Patrick and Ragusa, Jean C.}
}

@book{ben-israel2006generalized,
	year         = {2006},
	title        = {{Generalized inverses: theory and applications}},
	publisher    = {Springer Science \& Business Media},
	author       = {Ben-Israel, Adi and Greville, Thomas NE}
}

@book{benner_2021,
	year         = {2021},
	title        = {{Model Order Reduction}},
	address      = {Berlin, Boston},
	publisher    = {De Gruyter}
}

@article{benner2015survey,
	year         = {2015},
	pages        = {483–531},
	title        = {{A Survey of Projection-Based Model Reduction Methods for Parametric Dynamical Systems}},
	volume       = {57},
	journal      = {SIAM Review},
	publisher    = {Society for Industrial \& Applied Mathematics (SIAM)},
	author       = {Benner, Peter and Gugercin, Serkan and Willcox, Karen}
}

@article{benner2015two-sided,
	year         = {2015},
	pages        = {B239--B260},
	title        = {{Two-sided projection methods for nonlinear model order reduction}},
	volume       = {37},
	journal      = {{SIAM} Journal on Scientific Computing},
	publisher    = {SIAM},
	author       = {Benner, P. and Breiten, T.}
}

@book{benner2020model,
	year         = {2020},
	title        = {{Model Order Reduction: Volume 3 Applications}},
	publisher    = {De Gruyter},
	author       = {Benner, Peter and Schilders, Wil and Grivet-Talocia, Stefano and Quarteroni, Alfio and Rozza, Gianluigi and Miguel Silveira, Lu{\'\i}s}
}

@incollection{BenW21c,
	doi          = {10.1007/978-3-030-72983-7\_19},
	year         = {2021},
	pages        = {393--415},
	title        = {{MORLAB---The Model Order Reduction LABoratory}},
	series       = {International Series of Numerical Mathematics},
	volume       = {171},
	address      = {Cham},
	booktitle    = {Model Reduction of Complex Dynamical Systems},
	publisher    = {Birkh\"auser},
	author       = {P. Benner \& S.~W.~R. Werner},
	editor       = {P. Benner \& T. Breiten \& H. Fa{\ss}bender \& M. Hinze \& T. Stykel \& R. Zimmermann}
}

@article{bhattacharyya2020energy,
	year         = {2020},
	pages        = {041001},
	title        = {{An Energy Closure Criterion for Model Reduction of a Kicked Euler–Bernoulli Beam}},
	volume       = {143},
	journal      = {Journal of Vibration and Acoustics},
	author       = {Bhattacharyya, Suparno and Cusumano, Joseph P.}
}

@article{bohigas1993manifestations,
	year         = {1993},
	pages        = {43–133},
	title        = {{Manifestations of classical phase space structures in quantum mechanics}},
	volume       = {223},
	journal      = {Physics Reports},
	publisher    = {Elsevier BV},
	author       = {Bohigas, O. and Tomsovic, S. and Ullmo, D.}
}

@article{bonomi2017matrixb,
	year         = {2017},
	pages        = {300–326},
	title        = {{A matrix DEIM technique for model reduction of nonlinear parametrized problems in cardiac mechanics}},
	volume       = {324},
	journal      = {Computer Methods in Applied Mechanics and Engineering},
	publisher    = {Elsevier BV},
	author       = {Bonomi, Diana and Manzoni, Andrea and Quarteroni, Alfio}
}

@article{borggaard2016goal,
	year         = {2016},
	pages        = {2155--2169},
	title        = {{A goal-oriented reduced-order modeling approach for nonlinear systems}},
	number       = {11},
	volume       = {71},
	journal      = {Computers \& Mathematics with Applications},
	publisher    = {Elsevier},
	author       = {Borggaard, Jeff and Wang, Zhu and Zietsman, Lizette}
}

@article{botin-sanabria2022digital,
	year         = {2022},
	pages        = {1335},
	title        = {{Digital Twin Technology Challenges and Applications: A Comprehensive Review}},
	volume       = {14},
	journal      = {Remote Sensing},
	publisher    = {MDPI AG},
	author       = {Bot\'{\i}n-Sanabria, Diego M. and Mihaita, Adriana-Simona and Peimbert-Garc\'{\i}a, Rodrigo E. and Ram\'{\i}rez-Moreno, Mauricio A. and Ram\'{\i}rez-Mendoza, Ricardo A. and Lozoya-Santos, Jorge de J.}
}

@article{brands2019reduced-order,
	year         = {2019},
	pages        = {20},
	title        = {{Reduced-Order Modelling and Homogenisation in Magneto-Mechanics: A Numerical Comparison of Established Hyper-Reduction Methods}},
	volume       = {24},
	journal      = {Mathematical and Computational Applications},
	publisher    = {MDPI AG},
	author       = {Brands, Benjamin and Davydov, Denis and Mergheim, Julia and Steinmann, Paul}
}

@misc{bravo2024subspace,
	doi          = {10.1002/nme.7590},
	url          = {http://dx.doi.org/10.1002/nme.7590},
	issn         = {1097-0207},
	year         = {2024},
	month        = {sep},
	title        = {{A subspace-adaptive weights cubature method with application to the local hyperreduction of parameterized finite element models}},
	journal      = {International Journal for Numerical Methods in Engineering},
	publisher    = {arXiv},
	author       = {Bravo, J. R. and Hern\'{a}ndez, J. A. and Parga, S. Ares de and Rossi, R.}
}

@inproceedings{BRENNER_2023,
	year         = {2023},
	month        = {sep},
	title        = {{A REDUCED-ORDER DIGITAL TWIN FOR STRUCTURAL HEALTH MONITORING OF STEEL BRIDGES}},
	booktitle    = {Proceedings of the 14th International Workshop on Structural Health Monitoring},
	publisher    = {Destech Publications, Inc.},
	author       = {BRENNER, CHRISTOPH and THIELE, KLAUS and UNGLAUB, JULIAN}
}

@book{brunton2019data-driven,
	year         = {2019},
	title        = {{Data-Driven Science and Engineering: Machine Learning,  Dynamical Systems,  and Control}},
	publisher    = {Cambridge University Press},
	author       = {Brunton,  Steven L. and Kutz,  J. Nathan}
}

@article{cabre2005parameterization,
	year         = {2005},
	pages        = {444–515},
	title        = {{The parameterization method for invariant manifolds III: overview and applications}},
	volume       = {218},
	journal      = {Journal of Differential Equations},
	publisher    = {Elsevier BV},
	author       = {Cabr\'{e}, Xavier and Fontich, Ernest and de la Llave, Rafael}
}

@article{caicedo2019high,
	year         = {2019},
	pages        = {771--792},
	title        = {{High performance reduced order modeling techniques based on optimal energy quadrature: application to geometrically non-linear multiscale inelastic material modeling}},
	number       = {4},
	volume       = {26},
	journal      = {Archives of Computational Methods in Engineering},
	publisher    = {Springer},
	author       = {Caicedo, Manuel and Mroginski, Javier L and Toro, Sebastian and Raschi, Marcelo and Huespe, Alfredo and Oliver, Javier}
}

@article{camastra2016intrinsic,
	year         = {2016},
	pages        = {26–41},
	title        = {{Intrinsic dimension estimation: Advances and open problems}},
	volume       = {328},
	journal      = {Information Sciences},
	publisher    = {Elsevier BV},
	author       = {Camastra, Francesco and Staiano, Antonino}
}

@article{cardoso2009development,
	year         = {2009},
	pages        = {1322--1350},
	title        = {{Development and application of reduced-order modeling procedures for subsurface flow simulation}},
	number       = {9},
	volume       = {77},
	journal      = {International Journal for Numerical Methods in Engineering},
	author       = {Cardoso, M. A. and Durlofsky, L. J. and Sarma, P.}
}

@article{Carlberg_2017Galerkin,
	year         = {2017},
	pages        = {693–734},
	title        = {{Galerkin v. least-squares Petrov–Galerkin projection in nonlinear model reduction}},
	volume       = {330},
	journal      = {Journal of Computational Physics},
	publisher    = {Elsevier BV},
	author       = {Carlberg, Kevin and Barone, Matthew and Antil, Harbir}
}

@article{carlberg2011efficient,
	year         = {2011},
	pages        = {155--181},
	title        = {{Efficient non-linear model reduction via a least-squares Petrov--Galerkin projection and compressive tensor approximations}},
	number       = {2},
	volume       = {86},
	journal      = {International Journal for numerical methods in engineering},
	publisher    = {Wiley Online Library},
	author       = {Carlberg, Kevin and Bou-Mosleh, Charbel and Farhat, Charbel}
}

@article{carlberg2013gnat,
	year         = {2013},
	pages        = {623–647},
	title        = {{The GNAT method for nonlinear model reduction: Effective implementation and application to computational fluid dynamics and turbulent flows}},
	volume       = {242},
	journal      = {Journal of Computational Physics},
	publisher    = {Elsevier BV},
	author       = {Carlberg, Kevin and Farhat, Charbel and Cortial, Julien and Amsallem, David}
}

@article{carlberg2015preserving,
	year         = {2015},
	pages        = {B153–B184},
	title        = {{Preserving Lagrangian Structure in Nonlinear Model Reduction with Application to Structural Dynamics}},
	volume       = {37},
	journal      = {SIAM Journal on Scientific Computing},
	publisher    = {Society for Industrial \& Applied Mathematics (SIAM)},
	author       = {Carlberg, Kevin and Tuminaro, Ray and Boggs, Paul}
}

@article{cenedese2022data,
	year         = {2022},
	month        = {feb},
	pages        = {1--13},
	title        = {{Data-driven modeling and prediction of non-linearizable dynamics via spectral submanifolds}},
	number       = {872},
	volume       = {13},
	journal      = {Nat. Commun.},
	publisher    = {Nature Publishing Group},
	author       = {Mattia Cenedese \& Joar Ax{\aa}s \& Bastian B{\ifmmode\ddot{a}\else\"{a}\fi}uerlein \& Kerstin Avila \& George Haller}
}

@article{chapman2016accelerated,
	year         = {2016},
	title        = {{Accelerated mesh sampling for the hyper reduction of nonlinear computational models}},
	journal      = {International Journal for Numerical Methods in Engineering},
	publisher    = {Wiley Online Library},
	author       = {Chapman, Todd and Avery, Philip and Collins, Pat and Farhat, Charbel}
}

@article{chatterjee2000introductiona,
	year         = {2000},
	pages        = {808--817},
	title        = {{An introduction to the proper orthogonal decomposition}},
	volume       = {78},
	journal      = {Current Science},
	publisher    = {Temporary Publisher},
	author       = {Anindya Chatterjee}
}

@article{chaturantabut2010nonlinear,
	year         = {2010},
	pages        = {2737–2764},
	title        = {{Nonlinear Model Reduction via Discrete Empirical Interpolation}},
	volume       = {32},
	journal      = {SIAM Journal on Scientific Computing},
	publisher    = {Society for Industrial \& Applied Mathematics (SIAM)},
	author       = {Saifon Chaturantabut \& Danny C. Sorensen}
}

@article{chaturantabut2012state,
	year         = {2012},
	pages        = {46–63},
	title        = {{A State Space Error Estimate for POD-DEIM Nonlinear Model Reduction}},
	volume       = {50},
	journal      = {SIAM Journal on Numerical Analysis},
	publisher    = {Society for Industrial \& Applied Mathematics (SIAM)},
	author       = {Chaturantabut, Saifon and Sorensen, Danny C.}
}

@article{Chen_1996,
	year         = {1996},
	pages        = {135–164},
	title        = {{Normal modes for piecewise linear vibratory systems}},
	volume       = {10},
	journal      = {Nonlinear Dynamics},
	publisher    = {Springer Science and Business Media LLC},
	author       = {Chen, Shyh-Leh and Shaw, Steven W.}
}

@article{chen1998petrov--galerkin,
	year         = {1998},
	pages        = {406–434},
	title        = {{The Petrov--Galerkin and Iterated Petrov--Galerkin Methods for Second-Kind Integral Equations}},
	volume       = {35},
	journal      = {SIAM Journal on Numerical Analysis},
	publisher    = {Society for Industrial \& Applied Mathematics (SIAM)},
	author       = {Chen, Zhongying and Xu, Yuesheng}
}

@article{chen2021l1-based,
	year         = {2021},
	title        = {{L1-Based Reduced Over Collocation and Hyper Reduction for Steady State and Time-Dependent Nonlinear Equations}},
	volume       = {87},
	journal      = {Journal of Scientific Computing},
	publisher    = {Springer Science and Business Media LLC},
	author       = {Chen, Yanlai and Ji, Lijie and Narayan, Akil and Xu, Zhenli}
}

@article{cheng2023machine,
	year         = {2023},
	pages        = {1361--1387},
	title        = {{Machine Learning With Data Assimilation and Uncertainty Quantification for Dynamical Systems: A Review}},
	volume       = {10},
	journal      = {IEEE/CAA Journal of Automatica Sinica},
	keywords     = {Uncertainty;Computational fluid dynamics;Noise reduction;Machine learning;Geoscience;Market research;Error correction;Data assimilation (DA);deep learning;machine learning (ML);reduced-order-modelling;uncertainty quantification (UQ)},
	author       = {Cheng, Sibo and Quilodr\'{a}n-Casas, C\'{e}sar and Ouala, Said and Farchi, Alban and Liu, Che and Tandeo, Pierre and Fablet, Ronan and Lucor, Didier and Iooss, Bertrand and Brajard, Julien and Xiao, Dunhui and Janjic, Tijana and Ding, Weiping and Guo, Yike and Carrassi, Alberto and Bocquet, Marc and Arcucci, Rossella}
}

@misc{cheung2018,
	year         = {2018},
	title        = {{Deep Global Model Reduction Learning}},
	eprint       = {1807.09335},
	primaryclass = {math.NA},
	archiveprefix = {arXiv},
	author       = {Siu Wun Cheung and Eric T. Chung and Yalchin Efendiev and Eduardo Gildin and Yating Wang}
}

@misc{Choi2019libROM,
	year         = {2019},
	title        = {{libROM}},
	howpublished = {[Computer Software] \url{https://doi.org/10.11578/dc.20190408.3}},
	author       = {Choi, Youngsoo and Arrighi, William J. and Copeland, Dylan M. and Anderson, Robert W. and Oxberry, Geoffrey M.}
}

@article{chow2002stochastic,
	year         = {2002},
	title        = {{Stochastic Wave Equations with Polynomial Nonlinearity}},
	volume       = {12},
	journal      = {The Annals of Applied Probability},
	publisher    = {Institute of Mathematical Statistics},
	author       = {Chow, Pao-Liu}
}

@article{cicci2022deep-hyromneta,
	year         = {2022},
	title        = {{Deep-HyROMnet: A Deep Learning-Based Operator Approximation for Hyper-Reduction of Nonlinear Parametrized PDEs}},
	volume       = {93},
	journal      = {Journal of Scientific Computing},
	publisher    = {Springer Science and Business Media LLC},
	author       = {Cicci, Ludovica and Fresca, Stefania and Manzoni, Andrea}
}

@article{conde2009manifolds,
	year         = {2009},
	pages        = {670–704},
	title        = {{Manifolds of semi-negative curvature}},
	volume       = {100},
	journal      = {Proceedings of the London Mathematical Society},
	publisher    = {Wiley},
	author       = {Conde, Cristian and Larotonda, Gabriel}
}

@article{cosimo2016generalb,
	year         = {2016},
	title        = {{General treatment of essential boundary conditions in reduced order models for non-linear problems}},
	volume       = {3},
	journal      = {Advanced Modeling and Simulation in Engineering Sciences},
	publisher    = {Springer Science and Business Media LLC},
	author       = {Cosimo, Alejandro and Cardona, Alberto and Idelsohn, Sergio}
}

@article{cusumano1994experimental,
	year         = {1994},
	month        = {may},
	pages        = {421--438},
	title        = {{Experimental measurements of dimensionality and spatial coherence in the dynamics of a flexible-beam impact oscillator}},
	number       = {1683},
	volume       = {347},
	journal      = {Philosophical Transactions of the Royal Society of London. Series A: Physical and Engineering Sciences},
	publisher    = {The Royal SocietyLondon},
	author       = {P. Cusumano J. \& T. Sharkady M. \& W. Kimble B.}
}

@article{dambakizi2009multiscale,
	year         = {2009},
	pages        = {1701–1715},
	title        = {{Multiscale thermomechanical modeling of shock-driven dry friction in hydrodynamics}},
	volume       = {198},
	journal      = {Computer Methods in Applied Mechanics and Engineering},
	publisher    = {Elsevier BV},
	author       = {Dambakizi, F. and Le Tallec, P. and Perlat, J.P.}
}

@article{daniel2022physics,
	year         = {2022},
	pages        = {111120},
	title        = {{Physics-informed cluster analysis and a priori efficiency criterion for the construction of local reduced-order bases}},
	volume       = {458},
	journal      = {Journal of Computational Physics},
	publisher    = {Elsevier},
	author       = {Daniel, Thomas and Casenave, Fabien and Akkari, Nissrine and Ketata, Ali and Ryckelynck, David}
}

@inproceedings{daronch2012nonlinear,
	year         = {2012},
	title        = {{Nonlinear Model Reduction for Flexible Aircraft Control Design}},
	booktitle    = {AIAA Atmospheric Flight Mechanics Conference},
	publisher    = {American Institute of Aeronautics and Astronautics},
	author       = {Da Ronch, A. and Badcock, K. and Wang, Y. and Wynn, A. and Palacios, R.}
}

@article{das2020resonant,
	year         = {2020},
	pages        = {065002},
	title        = {{Resonant and non-resonant coupling of one-dimensional microcavity mode and optical Tamm state}},
	volume       = {22},
	journal      = {Journal of Optics},
	publisher    = {IOP Publishing},
	author       = {Das, Pratyusha and Mukherjee, Subhrajit and Jana, Subhajit and Ray, Samit Kumar and Shivakiran Bhaktha, B N}
}

@mastersthesis{dedden2012model,
	note         = {Available from \url{http://repository.tudelft.nl} (accessed Dec. 31, 2012)},
	year         = {2012},
	title        = {{Model Order Reduction Using the Discrete Empirical Interpolation Method}},
	school       = {Technical University Delft},
	address      = {Netherlands},
	author       = {Dedden, R.J.}
}

@article{deng2021reduced-order,
	year         = {2021},
	pages        = {464--473},
	title        = {{A Reduced-Order Electrochemical Model for All-Solid-State Batteries}},
	number       = {2},
	volume       = {7},
	journal      = {IEEE Transactions on Transportation Electrification},
	author       = {Zhongwei Deng \& Xiaosong Hu \& Xianke Lin \& Le Xu \& Jiacheng Li \& Wenchao Guo}
}

@article{Di_Nicola_2024,
	year         = {2024},
	month        = {aug},
	title        = {{Structural integrity assessment of an offshore platform using RB-FEA}},
	journal      = {International Journal of Structural Integrity},
	publisher    = {Emerald},
	author       = {Di Nicola, Felice and Lonardi, Graziano and Fantuzzi, Nicholas and Luciano, Raimondo}
}

@article{dihlmann2011model,
	year         = {2011},
	pages        = {64},
	title        = {{Model reduction of parametrized evolution problems using the reduced basis method with adaptive time-partitioning}},
	volume       = {2011},
	journal      = {Proc. of ADMOS},
	author       = {Dihlmann, Markus and Drohmann, Martin and Haasdonk, Bernard}
}

@inproceedings{dong2003piecewise,
	year         = {2003},
	pages        = {484–489},
	title        = {{Piecewise polynomial nonlinear model reduction}},
	series       = {DAC03},
	volume       = {46},
	booktitle    = {Proceedings of the 40th annual Design Automation Conference},
	publisher    = {ACM},
	author       = {Dong, Ning and Roychowdhury, Jaijeet}
}

@article{dontchev2001convergence,
	year         = {2001},
	pages        = {435–456},
	title        = {{Convergence of Newton's method for convex best interpolation}},
	volume       = {87},
	journal      = {Numerische Mathematik},
	publisher    = {Springer Science and Business Media LLC},
	author       = {Dontchev, Asen L. and Qi, Houduo and Qi, Liqun}
}

@article{dowell2001modeling,
	year         = {2001},
	month        = {jan},
	pages        = {445--490},
	title        = {{MODELING OF FLUID-STRUCTURE INTERACTION}},
	number       = {Volume 33, 2001},
	journal      = {Annu. Rev. Fluid Mech.},
	publisher    = {Annual Reviews},
	author       = {Earl H. Dowell \& Kenneth C. Hall}
}

@article{dowell2023reduced,
	year         = {2023},
	month        = {jun},
	pages        = {9699--9720},
	title        = {{Reduced-order modeling: a personal journey}},
	number       = {11},
	volume       = {111},
	journal      = {Nonlinear Dyn.},
	publisher    = {Springer Netherlands},
	author       = {Earl Dowell}
}

@article{Drakoulas_2023,
	year         = {2023},
	month        = {sep},
	pages        = {116155},
	title        = {{FastSVD-ML–ROM: A reduced-order modeling framework based on machine learning for real-time applications}},
	volume       = {414},
	journal      = {Computer Methods in Applied Mechanics and Engineering},
	publisher    = {Elsevier BV},
	author       = {Drakoulas, G.I. and Gortsas, T.V. and Bourantas, G.C. and Burganos, V.N. and Polyzos, D.}
}

@article{drmac2016new,
	year         = {2016},
	pages        = {A631--A648},
	title        = {{A new selection operator for the discrete empirical interpolation method---improved a priori error bound and extensions}},
	number       = {2},
	volume       = {38},
	journal      = {SIAM Journal on Scientific Computing},
	publisher    = {SIAM},
	author       = {Zlatko Drmac \& Serkan Gugercin}
}

@article{drohmann2015romes,
	year         = {2015},
	pages        = {116–145},
	title        = {{The ROMES Method for Statistical Modeling of Reduced-Order-Model Error}},
	volume       = {3},
	journal      = {SIAM/ASA Journal on Uncertainty Quantification},
	publisher    = {Society for Industrial \& Applied Mathematics (SIAM)},
	author       = {Drohmann, Martin and Carlberg, Kevin}
}

@article{du2022efficienta,
	year         = {2022},
	pages        = {111399},
	title        = {{Efficient hyperreduction of high-order discontinuous Galerkin methods: Element-wise and point-wise reduced quadrature formulations}},
	volume       = {466},
	journal      = {Journal of Computational Physics},
	publisher    = {Elsevier BV},
	author       = {Du, Eugene and Yano, Masayuki}
}

@misc{ecm_python_GitHub,
	note         = {Accessed: 2024-11-05},
	year         = {2024},
	title        = {{Rbravo555 - GitHub}},
	howpublished = {\url{https://github.com/Rbravo555}}
}

@book{engineering2024foundational,
	year         = {2024},
	title        = {{Foundational Research Gaps and Future Directions for Digital Twins}},
	address      = {Washington, DC},
	publisher    = {The National Academies Press},
	author       = {{National Academy of Engineering and National Academies of Sciences, Engineering, and Medicine}}
}

@article{everson1995karhunen--loeve,
	year         = {1995},
	pages        = {1657--1664},
	title        = {{Karhunen--Lo\`{e}ve procedure for gappy data}},
	volume       = {12},
	journal      = {J. Opt. Soc. Am. A},
	publisher    = {Optica Publishing Group},
	author       = {R. Everson and L. Sirovich}
}

@inbook{eymard2000finite,
	year         = {2000},
	pages        = {713–1018},
	title        = {{Finite volume methods}},
	booktitle    = {Solution of Equation in \mathbb{R}n (Part 3), Techniques of Scientific Computing (Part 3)},
	publisher    = {Elsevier},
	author       = {Eymard, Robert and Gallou\"{e}t, Thierry and Herbin, Rapha\`{e}le}
}

@mastersthesis{fallet2023assessment,
	url          = {https://elib.dlr.de/194595/},
	year         = {2023},
	title        = {{Assessment of hyper-reduction techniques in the context of CFD-based intrusive reduced order modeling}},
	school       = {TU Braunschweig},
	keywords     = {ROM CFD hyperreduction},
	author       = {Cedric Fallet}
}

@article{farhat2014dimensional,
	year         = {2014},
	pages        = {625--662},
	title        = {{Dimensional reduction of nonlinear finite element dynamic models with finite rotations and energy-based mesh sampling and weighting for computational efficiency}},
	number       = {9},
	volume       = {98},
	journal      = {International Journal for Numerical Methods in Engineering},
	publisher    = {Wiley Online Library},
	author       = {Farhat, Charbel and Avery, Philip and Chapman, Todd and Cortial, Julien}
}

@article{farhat2014dimensionala,
	year         = {2014},
	pages        = {625–662},
	title        = {{Dimensional reduction of nonlinear finite element dynamic models with finite rotations and energy-based mesh sampling and weighting for computational efficiency}},
	volume       = {98},
	journal      = {International Journal for Numerical Methods in Engineering},
	publisher    = {Wiley},
	author       = {Farhat, Charbel and Avery, Philip and Chapman, Todd and Cortial, Julien}
}

@article{farhat2015structure-preserving,
	year         = {2015},
	pages        = {1077--1110},
	title        = {{Structure-preserving, stability, and accuracy properties of the energy-conserving sampling and weighting method for the hyper reduction of nonlinear finite element dynamic models}},
	volume       = {102},
	journal      = {International journal for numerical methods in engineering},
	publisher    = {Wiley Online Library},
	author       = {Farhat, Charbel and Chapman, Todd and Avery, Philip}
}

@article{farhat2020computational,
	year         = {2020},
	pages        = {181--244},
	title        = {{Computational bottlenecks for proms: precomputation and hyperreduction}},
	journal      = {Model order reduction, Berlin: De Gruyter},
	author       = {Farhat, Charbel and Grimberg, Sebastian and Manzoni, Andrea and Quarteroni, Alfio and others}
}

@inbook{farhat2021_5_bookchapter,
	year         = {2021},
	pages        = {181--244},
	title        = {{Computational bottlenecks for PROMs: precomputation and hyperreduction}},
	address      = {Berlin, Boston},
	booktitle    = {Volume 2 Snapshot-Based Methods and Algorithms},
	publisher    = {De Gruyter},
	author       = {Charbel Farhat \& Sebastian Grimberg \& Andrea Manzoni \& Alfio Quarteroni}
}

@article{farrell1989negatively,
	year         = {1989},
	pages        = {899–908},
	title        = {{Negatively curved manifolds with exotic smooth structures}},
	volume       = {2},
	journal      = {Journal of the American Mathematical Society},
	publisher    = {American Mathematical Society (AMS)},
	author       = {Farrell, F. T. and Jones, L. E.}
}

@article{favoretto2019reduced,
	year         = {2019},
	pages        = {405–430},
	title        = {{Reduced order modeling via PGD for highly transient thermal evolutions in additive manufacturing}},
	volume       = {349},
	journal      = {Computer Methods in Applied Mechanics and Engineering},
	publisher    = {Elsevier BV},
	author       = {Favoretto, B. and de Hillerin, C.A. and Bettinotti, O. and Oancea, V. and Barbarulo, A.}
}

@article{feeny1998on,
	year         = {1998},
	month        = {apr},
	pages        = {607--616},
	title        = {{ON THE PHYSICAL INTERPRETATION OF PROPER ORTHOGONAL MODES IN VIBRATIONS}},
	number       = {4},
	volume       = {211},
	journal      = {J. Sound Vib.},
	publisher    = {Academic Press},
	author       = {B. F. Feeny \& R. Kappagantu}
}

@article{feng2024posteriori,
	year         = {2024},
	title        = {{A posteriori error estimation for model order reduction of parametric systems}},
	volume       = {11},
	journal      = {Advanced Modeling and Simulation in Engineering Sciences},
	publisher    = {Springer Science and Business Media LLC},
	author       = {Feng, Lihong and Chellappa, Sridhar and Benner, Peter}
}

@inproceedings{florez2018model-order,
	year         = {2018},
	title        = {{Model-Order Reduction Applied To Coupled Flow and Geomechanics}},
	series       = {Barcelona2018},
	booktitle    = {ECMOR XVI - 16th European Conference on the Mathematics of Oil Recovery},
	publisher    = {EAGE Publications BV},
	author       = {Florez, H. and Gildin, E.}
}

@inproceedings{florez2019model-order,
	year         = {2019},
	title        = {{Model-Order Reduction of Coupled Flow and Geomechanics in Ultra-Low Permeability ULP Reservoirs}},
	series       = {19RSC},
	booktitle    = {Day 2 Thu, April 11, 2019},
	publisher    = {SPE},
	author       = {Florez, Horacio and Gildin, Eduardo}
}

@article{Fries_2022,
	year         = {2022},
	pages        = {115436},
	title        = {{LaSDI: Parametric Latent Space Dynamics Identification}},
	volume       = {399},
	journal      = {Computer Methods in Applied Mechanics and Engineering},
	publisher    = {Elsevier BV},
	author       = {Fries, William D. and He, Xiaolong and Choi, Youngsoo}
}

@article{Fritzen_2018,
	year         = {2018},
	month        = {feb},
	pages        = {8},
	title        = {{An Algorithmic Comparison of the Hyper-Reduction and the Discrete Empirical Interpolation Method for a Nonlinear Thermal Problem}},
	number       = {1},
	volume       = {23},
	journal      = {Mathematical and Computational Applications},
	publisher    = {MDPI AG},
	author       = {Fritzen, Felix and Haasdonk, Bernard and Ryckelynck, David and Sch\"{o}ps, Sebastian}
}

@article{fu2018pod,
	year         = {2018},
	pages        = {220--243},
	title        = {{POD/DEIM reduced-order modeling of time-fractional partial differential equations with applications in parameter identification}},
	number       = {1},
	volume       = {74},
	journal      = {Journal of Scientific Computing},
	publisher    = {Springer},
	author       = {Fu, Hongfei and Wang, Hong and Wang, Zhu}
}

@article{fukunaga1971algorithm,
	year         = {1971},
	pages        = {176--183},
	title        = {{An Algorithm for Finding Intrinsic Dimensionality of Data}},
	volume       = {C-20},
	journal      = {IEEE Transactions on Computers},
	keywords     = {Data reduction, dimensionality reduction, interactive systems, intrinsic dimensionality, Karhunen-Lo\`{e}ve expansion, multivariant data analysis, principal component, stochastic processes.},
	author       = {Fukunaga, K. and Olsen, D.R.}
}

@article{gaston2015physics,
	year         = {2015},
	month        = {oct},
	pages        = {45--54},
	title        = {{Physics-based multiscale coupling for full core nuclear reactor simulation}},
	volume       = {84},
	journal      = {Ann. Nucl. Energy},
	publisher    = {Pergamon},
	author       = {Derek R. Gaston \& Cody J. Permann \& John W. Peterson \& Andrew E. Slaughter \& David Andr{\ifmmode\check{s}\else\v{s}\fi} \& Yaqi Wang \& Michael P. Short \& Danielle M. Perez \& Michael R. Tonks \& Javier Ortensi \& Ling Zou \& Richard C. Martineau}
}

@article{german2019application,
	year         = {2019},
	pages        = {17},
	title        = {{Application of multiphysics model order reduction to doppler/neutronic feedback}},
	volume       = {5},
	journal      = {EPJ Nuclear Sciences \&amp; Technologies},
	publisher    = {EDP Sciences},
	author       = {German, Peter and Ragusa, Jean C. and Fiorina, Carlo},
	editor       = {Kloosterman, Jan Leen and Merle, Elsa and Ragusa, Jean}
}

@article{germano1991a_dynamic,
	year         = {1991},
	month        = {jul},
	pages        = {1760--1765},
	title        = {{A dynamic subgrid-scale eddy viscosity model}},
	number       = {7},
	volume       = {3},
	journal      = {Phys. Fluids A},
	publisher    = {AIP Publishing},
	author       = {Massimo Germano \& Ugo Piomelli \& Parviz Moin \& William H. Cabot}
}

@article{ghasemi2016localized,
	year         = {2016},
	pages        = {689–703},
	title        = {{Localized model order reduction in porous media flow simulation}},
	volume       = {145},
	journal      = {Journal of Petroleum Science and Engineering},
	publisher    = {Elsevier BV},
	author       = {Ghasemi, Mohamadreza and Gildin, Eduardo}
}

@article{ghattas2021learning,
	year         = {2021},
	pages        = {445–554},
	title        = {{Learning physics-based models from data: perspectives from inverse problems and model reduction}},
	volume       = {30},
	journal      = {Acta Numerica},
	publisher    = {Cambridge University Press (CUP)},
	author       = {Ghattas, Omar and Willcox, Karen}
}

@book{ghojogh2023elements,
	doi          = {10.1007/978-3-031-10602-6},
	url          = {http://dx.doi.org/10.1007/978-3-031-10602-6},
	isbn         = {9783031106026},
	year         = {2023},
	title        = {{Elements of dimensionality reduction and manifold learning}},
	publisher    = {Springer},
	author       = {Ghojogh, Benyamin and Crowley, Mark and Karray, Fakhri and Ghodsi, Ali}
}

@article{ghommem2016complexity,
	year         = {2016},
	month        = {feb},
	pages        = {144--151},
	title        = {{Complexity Reduction of Multiphase Flows in Heterogeneous Porous Media}},
	number       = {01},
	volume       = {21},
	journal      = {SPE J.},
	publisher    = {OnePetro},
	author       = {Ghommem, Mehdi and Gildin, Eduardo and Ghasemi, Mohammadreza}
}

@article{giraud1979curvature,
	year         = {1979},
	pages        = {177–180},
	title        = {{Curvature of the Slater determinant manifold}},
	volume       = {40},
	journal      = {Journal de Physique Lettres},
	publisher    = {EDP Sciences},
	author       = {Giraud, B.G. and Rowe, D.J.}
}

@article{gisellefernandez-godino2023review,
	year         = {2023},
	pages        = {351–400},
	title        = {{Review of multi-fidelity models}},
	volume       = {1},
	journal      = {Advances in Computational Science and Engineering},
	publisher    = {American Institute of Mathematical Sciences (AIMS)},
	author       = {Giselle Fern\'{a}ndez-Godino, M.}
}

@book{glad2018control,
	year         = {2018},
	title        = {{Control Theory}},
	publisher    = {CRC Press},
	author       = {Glad, Torkel and Ljung, Lennart}
}

@article{goh2013prediction,
	year         = {2013},
	pages        = {501--512},
	title        = {{Prediction and Computer Model Calibration Using Outputs From Multifidelity Simulators}},
	volume       = {55},
	journal      = {Technometrics},
	publisher    = {Taylor \& Francis},
	author       = {Joslin Goh and Derek Bingham and James Paul Holloway and Michael J. Grosskopf and Carolyn C. Kuranz and Erica Rutter}
}

@article{gomez2016variational,
	year         = {2016},
	pages        = {152–181},
	title        = {{The variational collocation method}},
	volume       = {309},
	journal      = {Computer Methods in Applied Mechanics and Engineering},
	publisher    = {Elsevier BV},
	author       = {Gomez, Hector and De Lorenzis, Laura}
}

@article{gorban2004constructive,
	year         = {2004},
	pages        = {197–403},
	title        = {{Constructive methods of invariant manifolds for kinetic problems}},
	volume       = {396},
	journal      = {Physics Reports},
	publisher    = {Elsevier BV},
	author       = {Gorban, Alexander N. and Karlin, Iliya V. and Zinovyev, Andrei Yu.}
}

@article{goury2018fast,
	year         = {2018},
	pages        = {1565--1576},
	title        = {{Fast, Generic, and Reliable Control and Simulation of Soft Robots Using Model Order Reduction}},
	volume       = {34},
	journal      = {IEEE Transactions on Robotics},
	keywords     = {Computational modeling;Soft robotics;Energy conservation;Deformable models;Finite element analysis;Real-time systems;Simulation;Reduced order systems;Energy conserving sampling and weighting (ECSW) method;hyperreduction;model order reduction (MOR);proper orthogonal decomposition (POD);robot simulation;soft robotics},
	author       = {Goury, Olivier and Duriez, Christian}
}

@article{greenacre2022principal,
	year         = {2022},
	title        = {{Principal component analysis}},
	volume       = {2},
	journal      = {Nature Reviews Methods Primers},
	publisher    = {Springer Science and Business Media LLC},
	author       = {Greenacre, Michael and Groenen, Patrick J. F. and Hastie, Trevor and D'Enza, Alfonso Iodice and Markos, Angelos and Tuzhilina, Elena}
}

@article{grimberg2021mesh,
	year         = {2021},
	pages        = {1846--1874},
	title        = {{Mesh sampling and weighting for the hyperreduction of nonlinear Petrov--Galerkin reduced-order models with local reduced-order bases}},
	number       = {7},
	volume       = {122},
	journal      = {International Journal for Numerical Methods in Engineering},
	publisher    = {Wiley Online Library},
	author       = {Sebastian Grimberg \& Charbel Farhat \& Radek Tezaur \& Charbel Bou-Mosleh}
}

@article{gstalter2020new,
	year         = {2020},
	title        = {{Toward new methods for optimization study in automotive industry including recent reduction techniques}},
	volume       = {7},
	journal      = {Advanced Modeling and Simulation in Engineering Sciences},
	publisher    = {Springer Science and Business Media LLC},
	author       = {Gstalter, Etienne and Assou, Sonia and Tourbier, Yves and De Vuyst, Florian}
}

@article{gu2011qlmor,
	year         = {2011},
	pages        = {1307--1320},
	title        = {{QLMOR: A projection-based nonlinear model order reduction approach using quadratic-linear representation of nonlinear systems}},
	volume       = {30},
	journal      = {{IEEE} Transactions on Computer-Aided Design of Integrated Circuits and Systems},
	publisher    = {IEEE},
	author       = {Gu, J.}
}

@article{guckenheimer2004fast,
	year         = {2004},
	pages        = {232–260},
	title        = {{A Fast Method for Approximating Invariant Manifolds}},
	volume       = {3},
	journal      = {SIAM Journal on Applied Dynamical Systems},
	publisher    = {Society for Industrial \& Applied Mathematics (SIAM)},
	author       = {Guckenheimer, John and Vladimirsky, Alexander}
}

@article{Guillot_2019,
	year         = {2019},
	pages        = {1371–1401},
	title        = {{Analysis of a reduced-order nonlinear model of a multi-physics beam}},
	volume       = {97},
	journal      = {Nonlinear Dynamics},
	publisher    = {Springer Science and Business Media LLC},
	author       = {Guillot, V. and Ture Savadkoohi, A. and Lamarque, C.-H.}
}

@inproceedings{gupta2024lpv,
	year         = {2024},
	pages        = {1--6},
	title        = {{{LPV ROM} Based Analysis Approach to Optimize Thermal Dissipation Performance of an Automotive {ECU}}},
	booktitle    = {2024 23rd IEEE Intersociety Conference on Thermal and Thermomechanical Phenomena in Electronic Systems (ITherm)},
	author       = {Shubham Gupta \& Aman Goyal \& Eundong Choi \& Hyunho Park \& Sangyoul Ki}
}

@article{hahn2002improved,
	year         = {2002},
	pages        = {1379–1397},
	title        = {{An improved method for nonlinear model reduction using balancing of empirical gramians}},
	volume       = {26},
	journal      = {Computers \&amp; Chemical Engineering},
	publisher    = {Elsevier BV},
	author       = {Hahn, Juergen and Edgar, Thomas F.}
}

@article{hale2021hyper-reduction,
	year         = {2021},
	pages        = {113723},
	title        = {{A hyper-reduction method using adaptivity to cut the assembly costs of reduced order models}},
	volume       = {380},
	journal      = {Computer Methods in Applied Mechanics and Engineering},
	publisher    = {Elsevier BV},
	author       = {Hale, Jack S. and Schenone, Elisa and Baroli, Davide and Beex, Lars A.A. and Bordas, St\'{e}phane P.A.}
}

@article{hall2010proper,
	year         = {2010},
	month        = {oct},
	title        = {{Proper Orthogonal Decomposition Technique for Transonic Unsteady Aerodynamic Flows}},
	number       = {10},
	volume       = {38},
	journal      = {AIAA Journal},
	author       = {Kenneth C. Hall \& Jeffrey P. Thomas \& Earl H. Dowell}
}

@article{He_2011,
	year         = {2011},
	pages        = {8313–8341},
	title        = {{Enhanced linearized reduced-order models for subsurface flow simulation}},
	volume       = {230},
	journal      = {Journal of Computational Physics},
	publisher    = {Elsevier BV},
	author       = {He, J. and S\ae{}trom, J. and Durlofsky, L.J.}
}

@article{he2014reduced,
	year         = {2014},
	month        = {mar},
	pages        = {858--872},
	title        = {{Reduced-Order Modeling for Compositional Simulation by Use of Trajectory Piecewise Linearization}},
	number       = {05},
	volume       = {19},
	journal      = {SPE J.},
	publisher    = {OnePetro},
	author       = {He, Jincong and Durlofsky, Louis J.}
}

@article{hernandez2014high,
	year         = {2014},
	pages        = {149--189},
	title        = {{High-performance model reduction techniques in computational multiscale homogenization}},
	volume       = {276},
	journal      = {Computer Methods in Applied Mechanics and Engineering},
	publisher    = {Elsevier},
	author       = {Hern{\'a}ndez, J. A. and Oliver, Javier and Huespe, Alfredo Edmundo and Caicedo, MA and Cante, JC}
}

@article{hernandez2017dimensional,
	year         = {2017},
	pages        = {687--722},
	title        = {{Dimensional hyper-reduction of nonlinear finite element models via empirical cubature}},
	volume       = {313},
	journal      = {Computer Methods in Applied Mechanics and Engineering},
	publisher    = {Elsevier},
	author       = {Hern{\'a}ndez, J. A. and Caicedo, M. A. and Ferrer, A.}
}

@article{hernandez2020multiscale,
	year         = {2020},
	pages        = {113192},
	title        = {{A multiscale method for periodic structures using domain decomposition and ECM-hyperreduction}},
	volume       = {368},
	journal      = {Computer Methods in Applied Mechanics and Engineering},
	publisher    = {Elsevier},
	author       = {Hern{\'a}ndez, J. A.}
}

@article{hernandez2024cecm,
	year         = {2024},
	pages        = {116552},
	title        = {{CECM: A continuous empirical cubature method with application to the dimensional hyperreduction of parameterized finite element models}},
	volume       = {418},
	journal      = {Computer Methods in Applied Mechanics and Engineering},
	publisher    = {Elsevier},
	author       = {Hern{\'a}ndez, J. A. and Bravo, J. R. and de Parga, S. Ares}
}

@article{hess2022comparison,
	year         = {2022},
	pages        = {52--65},
	title        = {{A COMPARISON OF REDUCED-ORDER MODELING APPROACHES USING ARTIFICIAL NEURAL NETWORKS FOR PDES WITH BIFURCATING SOLUTIONS}},
	volume       = {56},
	journal      = {Electronic Transactions on Numerical Analysis},
	author       = {HESS, MARTIN W and QUAINI, ANNALISA and ROZZA, GIANLUIGI}
}

@book{Hesthaven2016,
	doi          = {10.1007/978-3-319-22470-1},
	url          = {http://dx.doi.org/10.1007/978-3-319-22470-1},
	isbn         = {9783319224701},
	issn         = {2191-8201},
	year         = {2016},
	title        = {{Certified Reduced Basis Methods for Parametrized Partial Differential Equations}},
	journal      = {SpringerBriefs in Mathematics},
	publisher    = {Springer International Publishing},
	author       = {Hesthaven,  Jan S and Rozza,  Gianluigi and Stamm,  Benjamin}
}

@article{hetmaniuk2012review,
	year         = {2012},
	pages        = {1636--1662},
	title        = {{Review and assessment of interpolatory model order reduction methods for frequency response structural dynamics and acoustics problems}},
	number       = {13},
	volume       = {90},
	journal      = {International Journal for Numerical Methods in Engineering},
	author       = {U. Hetmaniuk \& R. Tezaur \& C. Farhat}
}

@incollection{hinze2005proper,
	year         = {2005},
	pages        = {261--306},
	title        = {{Proper Orthogonal Decomposition Surrogate Models for Nonlinear Dynamical Systems: Error Estimates and Suboptimal Control}},
	series       = {Lecture Notes in Computational Science and Engineering},
	volume       = {45},
	address      = {Berlin Heidelberg},
	booktitle    = {Dimension Reduction of Large-Scale Systems},
	publisher    = {Springer-Verlag},
	author       = {Hinze, M. and Volkwein, S.},
	editor       = {Benner, P. and Mehrmann, V. and Sorensen, D. C.}
}

@book{holmes1996turbulence,
	year         = {1996},
	title        = {{Turbulence,  Coherent Structures,  Dynamical Systems and Symmetry}},
	publisher    = {Cambridge University Press},
	author       = {Holmes,  Philip and Lumley,  John L. and Berkooz,  Gal}
}

@article{Huang_2017,
	year         = {2017},
	pages        = {526–540},
	title        = {{Dimensionality reducibility for multi-physics reduced order modeling}},
	volume       = {110},
	journal      = {Annals of Nuclear Energy},
	publisher    = {Elsevier BV},
	author       = {Huang, Dongli and Abdel-Khalik, Hany and Rabiti, Cristian and Gleicher, Frederick}
}

@book{hughes2012finite,
	year         = {2012},
	title        = {{The finite element method: linear static and dynamic finite element analysis}},
	publisher    = {Courier Corporation},
	author       = {Hughes, Thomas JR}
}

@article{huhn2023physics-informed,
	year         = {2023},
	pages        = {2484–2497},
	title        = {{Physics-Informed Neural Network with Fourier Features for Radiation Transport in Heterogeneous Media}},
	volume       = {197},
	journal      = {Nuclear Science and Engineering},
	publisher    = {Informa UK Limited},
	author       = {Huhn,  Quincy A. and Tano,  Mauricio E. and Ragusa,  Jean C.}
}

@book{ii1981nonlinear,
	year         = {1981},
	title        = {{Nonlinear {System} {Theory}: {The} {Volterra} / {Wiener} {Approach}}},
	address      = {Baltimore},
	language     = {English},
	publisher    = {The Johns Hopkins University Press},
	author       = {II, Professor Wilson Rugh}
}

@article{jain2017quadratic,
	year         = {2017},
	pages        = {80--94},
	title        = {{A quadratic manifold for model order reduction of nonlinear structural dynamics}},
	volume       = {188},
	journal      = {Computers \& Structures},
	publisher    = {Elsevier},
	author       = {S. Jain and P. Tiso and J. B. Rutzmoser and D. J. Rixen}
}

@article{jain2018simulation-free,
	year         = {2018},
	title        = {{Simulation-Free Hyper-Reduction for Geometrically Nonlinear Structural Dynamics: A Quadratic Manifold Lifting Approach}},
	volume       = {13},
	journal      = {Journal of Computational and Nonlinear Dynamics},
	publisher    = {ASME International},
	author       = {Jain, Shobhit and Tiso, Paolo}
}

@article{jain2019hyper-reduction,
	year         = {2019},
	title        = {{Hyper-Reduction Over Nonlinear Manifolds for Large Nonlinear Mechanical Systems}},
	volume       = {14},
	journal      = {Journal of Computational and Nonlinear Dynamics},
	publisher    = {ASME International},
	author       = {Jain, Shobhit and Tiso, Paolo}
}

@article{jamshidiaval2021comprehensive,
	year         = {2021},
	pages        = {127274},
	title        = {{Comprehensive thermo-mechanical simulation of friction surfacing of aluminum alloys using smoothed particle hydrodynamics method}},
	volume       = {419},
	journal      = {Surface and Coatings Technology},
	publisher    = {Elsevier BV},
	author       = {Jamshidi Aval, Hamed}
}

@article{Jansen_2016,
	year         = {2016},
	pages        = {105–132},
	title        = {{Use of reduced-order models in well control optimization}},
	volume       = {18},
	journal      = {Optimization and Engineering},
	publisher    = {Springer Science and Business Media LLC},
	author       = {Jansen, Jan Dirk and Durlofsky, Louis J.}
}

@article{Jenny2003multi,
	year         = {2003},
	month        = {may},
	pages        = {47--67},
	title        = {{ Multi-scale finite-volume method for elliptic problems in subsurface flow simulation }},
	number       = {1},
	volume       = {187},
	journal      = {Journal of Computational Physics},
	publisher    = {Elsevier BV},
	author       = {P Jenny \& S.H Lee \& H.A Tchelepi}
}

@article{Jiang_2019_gnat,
	year         = {2019},
	month        = {feb},
	pages        = {192–213},
	title        = {{Implementation and detailed assessment of a GNAT reduced-order model for subsurface flow simulation}},
	volume       = {379},
	journal      = {Journal of Computational Physics},
	publisher    = {Elsevier BV},
	author       = {Rui Jiang \& Louis J. Durlofsky}
}

@article{jiang2019implementation,
	year         = {2019},
	pages        = {192–213},
	title        = {{Implementation and detailed assessment of a GNAT reduced-order model for subsurface flow simulation}},
	volume       = {379},
	journal      = {Journal of Computational Physics},
	publisher    = {Elsevier BV},
	author       = {Jiang, Rui and Durlofsky, Louis J.}
}

@article{Jin_2020,
	year         = {2020},
	pages        = {107273},
	title        = {{Deep-learning-based surrogate model for reservoir simulation with time-varying well controls}},
	volume       = {192},
	journal      = {Journal of Petroleum Science and Engineering},
	publisher    = {Elsevier BV},
	author       = {Jin, Zhaoyang Larry and Liu, Yimin and Durlofsky, Louis J.}
}

@book{jrhughes2000finite,
	year         = {2000},
	pages        = {672},
	title        = {{The Finite Element Method: Linear Static and Dynamic Finite Element Analysis}},
	publisher    = {Dover Publications},
	author       = {Thomas J. R. Hughes}
}

@article{kak2020intrinsic,
	year         = {2020},
	pages        = {2599–2607},
	title        = {{The Intrinsic Dimensionality of Data}},
	volume       = {40},
	journal      = {Circuits, Systems, and Signal Processing},
	publisher    = {Springer Science and Business Media LLC},
	author       = {Kak, Subhash}
}

@inproceedings{kapteyn2020toward,
	year         = {2020},
	pages        = {0418},
	title        = {{Toward predictive digital twins via component-based reduced-order models and interpretable machine learning}},
	booktitle    = {AIAA Scitech 2020 Forum},
	author       = {Kapteyn, Michael G and Knezevic, David J and Willcox, Karen}
}

@article{kastner2008phase,
	year         = {2008},
	pages        = {167–187},
	title        = {{Phase transitions and configuration space topology}},
	volume       = {80},
	journal      = {Reviews of Modern Physics},
	publisher    = {American Physical Society (APS)},
	author       = {Kastner, Michael}
}

@article{kerschen2005the,
	year         = {2005},
	month        = {aug},
	pages        = {147--169},
	title        = {{The Method of Proper Orthogonal Decomposition for Dynamical Characterization and Order Reduction of Mechanical Systems: An Overview}},
	number       = {1},
	volume       = {41},
	journal      = {Nonlinear Dyn.},
	publisher    = {Kluwer Academic Publishers},
	author       = {Gaetan Kerschen \& Jean-claude Golinval \& Alexander F. Vakakis \& Lawrence A. Bergman}
}

@article{kevrekidis2003class,
	year         = {2003},
	pages        = {68–86},
	title        = {{On a class of discretizations of Hamiltonian nonlinear partial differential equations}},
	volume       = {183},
	journal      = {Physica D: Nonlinear Phenomena},
	publisher    = {Elsevier BV},
	author       = {Kevrekidis, P.G}
}

@article{kim2013subspace,
	year         = {2013},
	pages        = {62},
	title        = {{Subspace fluid re-simulation}},
	number       = {4},
	volume       = {32},
	journal      = {ACM Transactions on Graphics (TOG)},
	publisher    = {ACM},
	author       = {Kim, Theodore and Delaney, John}
}

@article{kim2022fast,
	year         = {2022},
	pages        = {110841},
	title        = {{A fast and accurate physics-informed neural network reduced order model with shallow masked autoencoder}},
	volume       = {451},
	journal      = {Journal of Computational Physics},
	publisher    = {Elsevier BV},
	author       = {Kim, Youngkyu and Choi, Youngsoo and Widemann, David and Zohdi, Tarek}
}

@article{klein2024energy-conservingb,
	year         = {2024},
	pages        = {112697},
	title        = {{Energy-conserving hyper-reduction and temporal localization for reduced order models of the incompressible Navier-Stokes equations}},
	volume       = {499},
	journal      = {Journal of Computational Physics},
	publisher    = {Elsevier BV},
	author       = {Klein, R.B. and Sanderse, B.}
}

@article{kohli2021ldle,
	year         = {2021},
	pages        = {1--64},
	title        = {{LDLE: Low Distortion Local Eigenmaps}},
	volume       = {22},
	journal      = {Journal of Machine Learning Research},
	author       = {Dhruv Kohli and Alexander Cloninger and Gal Mishne}
}

@article{kolda2009tensor,
	year         = {2009},
	pages        = {455--500},
	title        = {{Tensor decompositions and applications}},
	volume       = {51},
	journal      = {{SIAM} Review},
	publisher    = {{Society for Industrial and Applied Mathematics (SIAM)}},
	author       = {Kolda, T. G. and Bader, B. W.}
}

@inproceedings{kramer2016model,
	year         = {2016},
	pages        = {6146--6151},
	title        = {{Model reduction for control of a multiphysics system: Coupled Burgers' equation}},
	keywords     = {Mathematical model;Reduced order systems;Computational modeling;Numerical models;Standards;Matrix decomposition;Finite element analysis},
	booktitle    = {2016 American Control Conference (ACC)},
	author       = {Kramer, Boris}
}

@article{kramer2019nonlinear,
	year         = {2019},
	pages        = {2297--2307},
	title        = {{Nonlinear model order reduction via lifting transformations and proper orthogonal decomposition}},
	volume       = {57},
	journal      = {{AIAA} Journal},
	publisher    = {{American Institute of Aeronautics and Astronautics}},
	author       = {Kramer, B. and Willcox, K.}
}

@incollection{kramer2021balanced,
	note         = {To appear},
	year         = {2021},
	title        = {{Balanced truncation model reduction for lifted nonlinear systems}},
	booktitle    = {Realization and Model Reduction of Dynamical Systems: A Festschrift in Honor of the 70th Birthday of Thanos Antoulas},
	publisher    = {Springer},
	author       = {Kramer, B. and Willcox, K.},
	editor       = {Beattie, C. and others}
}

@article{kudryashov2023mathematical,
	year         = {2023},
	pages        = {108519},
	title        = {{Mathematical model with unrestricted dispersion and polynomial nonlinearity}},
	volume       = {138},
	journal      = {Applied Mathematics Letters},
	publisher    = {Elsevier BV},
	author       = {Kudryashov, Nikolay A.}
}

@article{kunisch2008proper,
	year         = {2008},
	pages        = {1–23},
	title        = {{Proper orthogonal decomposition for optimality systems}},
	volume       = {42},
	journal      = {ESAIM: Mathematical Modelling and Numerical Analysis},
	publisher    = {EDP Sciences},
	author       = {Kunisch, Karl and Volkwein, Stefan}
}

@article{Lacarbonara_2003,
	year         = {2003},
	pages        = {851–872},
	title        = {{Resonant non-linear normal modes. Part I: analytical treatment for structural one-dimensional systems}},
	volume       = {38},
	journal      = {International Journal of Non-Linear Mechanics},
	publisher    = {Elsevier BV},
	author       = {Lacarbonara, W. and Rega, G. and Nayfeh, A.H.}
}

@article{lauzon2024s-opt,
	year         = {2024},
	pages        = {B474-b501},
	title        = {{S-OPT: A Points Selection Algorithm for Hyper-Reduction in Reduced Order Models}},
	number       = {4},
	volume       = {46},
	journal      = {SIAM Journal on Scientific Computing},
	author       = {Lauzon, Jessica T. and Cheung, Siu Wun and Shin, Yeonjong and Choi and Huynh, Kevin}
}

@article{lauzon2024s-opt_7a59,
	year         = {2024},
	pages        = {B474–B501},
	title        = {{S-OPT: A Points Selection Algorithm for Hyper-Reduction in Reduced Order Models}},
	volume       = {46},
	journal      = {SIAM Journal on Scientific Computing},
	publisher    = {Society for Industrial \& Applied Mathematics (SIAM)},
	author       = {Lauzon, Jessica T. and Cheung, Siu Wun and Shin, Yeonjong and Choi, Youngsoo and Copeland, Dylan M. and Huynh, Kevin}
}

@article{lee1995theory,
	year         = {1995},
	pages        = {147–211},
	title        = {{Theory and application of the quantum phase-space distribution functions}},
	volume       = {259},
	journal      = {Physics Reports},
	publisher    = {Elsevier BV},
	author       = {Lee, Hai-Woong}
}

@article{lee2020model,
	year         = {2020},
	pages        = {108973},
	title        = {{Model reduction of dynamical systems on nonlinear manifolds using deep convolutional autoencoders}},
	volume       = {404},
	journal      = {Journal of Computational Physics},
	publisher    = {Elsevier},
	author       = {Lee, Kookjin and Carlberg, Kevin T}
}

@article{lehtimaki2024accelerating,
	year         = {2024},
	pages        = {519--531},
	title        = {{Accelerating Neural ODEs Using Model Order Reduction}},
	volume       = {35},
	journal      = {IEEE Transactions on Neural Networks and Learning Systems},
	keywords     = {Neurons;Computational modeling;Training;Biological neural networks;Interpolation;Task analysis;Reduced order systems;Acceleration;compression;discrete empirical interpolation method (DEIM);neural ordinary differential equations (Neural ODEs);proper orthogonal decomposition (POD);reduced order model (ROM)},
	author       = {Lehtim\"{a}ki, Mikko and Paunonen, Lassi and Linne, Marja-Leena}
}

@article{lewis2004life,
	year         = {2004},
	pages        = {713–729},
	title        = {{Life in Configuration Space}},
	volume       = {55},
	journal      = {The British Journal for the Philosophy of Science},
	publisher    = {University of Chicago Press},
	author       = {Lewis, Peter J.}
}

@article{liang2002proper,
	year         = {2002},
	pages        = {527–544},
	title        = {{PROPER ORTHOGONAL DECOMPOSITION AND ITS APPLICATIONS--PART I: THEORY}},
	volume       = {252},
	journal      = {Journal of Sound and Vibration},
	publisher    = {Elsevier BV},
	author       = {LIANG, Y.C. and LEE, H.P. and LIM, S.P. and LIN, W.Z. and LEE, K.H. and WU, C.G.}
}

@mastersthesis{lindqvist2022method,
	year         = {2022},
	pages        = {64},
	title        = {{A Method of CFD-based System Identification for Standardized Co-Simulation}},
	school       = {Link\"{o}ping University, Fluid and Mechatronic Systems},
	keywords     = {CFD, system identification, FMI, SSP, co-simulation, steady-state},
	institution  = {Link\"{o}ping University, Fluid and Mechatronic Systems},
	author       = {Lindqvist, Olle}
}

@article{liu2021review,
	year         = {2021},
	pages        = {346–361},
	title        = {{Review of digital twin about concepts, technologies, and industrial applications}},
	volume       = {58},
	journal      = {Journal of Manufacturing Systems},
	publisher    = {Elsevier BV},
	author       = {Liu, Mengnan and Fang, Shuiliang and Dong, Huiyue and Xu, Cunzhi}
}

@article{lu2020adaptiveb,
	year         = {2020},
	pages        = {113312},
	title        = {{Adaptive hyper reduction for additive manufacturing thermal fluid analysis}},
	volume       = {372},
	journal      = {Computer Methods in Applied Mechanics and Engineering},
	publisher    = {Elsevier BV},
	author       = {Lu, Ye and Jones, Kevontrez Kyvon and Gan, Zhengtao and Liu, Wing Kam}
}

@article{lucia2004reduced-order,
	year         = {2004},
	pages        = {51–117},
	title        = {{Reduced-order modeling: new approaches for computational physics}},
	volume       = {40},
	journal      = {Progress in Aerospace Sciences},
	publisher    = {Elsevier BV},
	author       = {Lucia, David J. and Beran, Philip S. and Silva, Walter A.}
}

@inbook{Maday_2013,
	year         = {2013},
	pages        = {221–235},
	title        = {{A Generalized Empirical Interpolation Method: Application of Reduced Basis Techniques to Data Assimilation}},
	booktitle    = {Analysis and Numerics of Partial Differential Equations},
	publisher    = {Springer Milan},
	author       = {Maday, Yvon and Mula, Olga}
}

@article{maierhofer2022model,
	year         = {2022},
	pages        = {103793},
	title        = {{Model order reduction using hyperreduction methods (DEIM, ECSW) for magnetodynamic FEM problems}},
	volume       = {209},
	journal      = {Finite Elements in Analysis and Design},
	publisher    = {Elsevier BV},
	author       = {Maierhofer, Johannes and Rixen, Daniel J.}
}

@inproceedings{Mavriplis_2007,
	year         = {2007},
	month        = {jun},
	title        = {{Petaflops Opportunities for the NASA Fundamental Aeronautics Program (Invited)}},
	booktitle    = {18th AIAA Computational Fluid Dynamics Conference},
	publisher    = {American Institute of Aeronautics and Astronautics},
	author       = {Mavriplis, Dimitri and Darmofal, David and Keyes, David and Turner, Mark}
}

@article{mcoale2023reduced,
	year         = {2023},
	pages        = {108458},
	title        = {{Reduced order models for thermal radiative transfer problems based on moment equations and data-driven approximations of the Eddington tensor}},
	volume       = {296},
	journal      = {Journal of Quantitative Spectroscopy and Radiative Transfer},
	author       = {Joseph M. Coale and Dmitriy Y. Anistratov}
}

@article{mehta2014large,
	year         = {2014},
	month        = {oct},
	pages        = {1--17},
	title        = {{Large Eddy Simulation of wind farm aerodynamics: A review}},
	volume       = {133},
	journal      = {J. Wind Eng. Ind. Aerodyn.},
	publisher    = {Elsevier},
	author       = {D. Mehta \& A. H. van Zuijlen \& B. Koren \& J. G. Holierhoek \& H. Bijl}
}

@article{Milk_2016pyMOR,
	year         = {2016},
	pages        = {S194–S216},
	title        = {{pyMOR -- Generic Algorithms and Interfaces for Model Order Reduction}},
	volume       = {38},
	journal      = {SIAM Journal on Scientific Computing},
	publisher    = {Society for Industrial \& Applied Mathematics (SIAM)},
	author       = {Milk, Ren\'{e} and Rave, Stephan and Schindler, Felix}
}

@article{milk2016pymor,
	doi          = {10.1137/15M1026614},
	year         = {2016},
	pages        = {S194--S216},
	title        = {{pyMOR -- Generic Algorithms and Interfaces for Model Order Reduction}},
	number       = {5},
	volume       = {38},
	journal      = {SIAM Journal on Scientific Computing},
	author       = {Ren{\'e} Milk and Stephan Rave and Felix Schindler}
}

@article{moin1998direct,
	year         = {1998},
	month        = {jan},
	pages        = {539--578},
	title        = {{DIRECT NUMERICAL SIMULATION: A Tool in Turbulence}},
	number       = {Volume 30, 1998},
	volume       = {30},
	journal      = {Annu. Rev. Fluid Mech.},
	publisher    = {Annual Reviews},
	author       = {Parviz Moin \& Krishnan Mahesh}
}

@article{moore2003principal,
	doi          = {10.1109/TAC.1981.1102568},
	year         = {1981},
	month        = {feb},
	pages        = {17--32},
	title        = {{Principal component analysis in linear systems: Controllability, observability, and model reduction}},
	number       = {1},
	volume       = {26},
	journal      = {IEEE Trans. Autom. Control},
	keywords     = {Principal component analysis;Linear systems;Controllability;Observability;Reduced order systems;Kalman filters;Signal analysis;Equations;Matrix decomposition;Singular value decomposition},
	publisher    = {IEEE},
	author       = {B. Moore}
}

@misc{MORLAB-2024-10-25,
	note         = {Accessed: 2024-10-25},
	year         = {2024},
	title        = {{About Us-EN--Welcome to MORLAB Group, CCC CE FCC ROHS GCF ISO9000 FTA Test\&Certification Authority}},
	howpublished = {\url{http://www.morlab.com/en/enaboutus/}}
}

@article{morsy2023frequency-domainb,
	year         = {2023},
	pages        = {109744},
	title        = {{A frequency-domain reduced order model for joints by hyper-reduction and model-driven sampling}},
	volume       = {185},
	journal      = {Mechanical Systems and Signal Processing},
	publisher    = {Elsevier BV},
	author       = {Morsy, Ahmed Amr and Kast, Mariella and Tiso, Paolo}
}

@inbook{moukalled2015finite,
	year         = {2015},
	pages        = {103–135},
	title        = {{The Finite Volume Method}},
	booktitle    = {The Finite Volume Method in Computational Fluid Dynamics},
	publisher    = {Springer International Publishing},
	author       = {Moukalled, F. and Mangani, L. and Darwish, M.}
}

@book{moukalled2016finite,
	year         = {2016},
	pages        = {XXIII, 791},
	title        = {{The Finite Volume Method in Computational Fluid Dynamics: An Advanced Introduction with OpenFOAM\textregistered{} and Matlab}},
	series       = {Fluid Mechanics and Its Applications},
	topics       = {Engineering Fluid Dynamics, Computational Science and Engineering, Numerical and Computational Physics, Simulation, Fluid- and Aerodynamics},
	volume       = {791},
	edition      = {1},
	publisher    = {Springer Cham},
	author       = {F. Moukalled and L. Mangani and M. Darwish}
}

@article{mrosek2019reduced-order,
	year         = {2019},
	pages        = {225–236},
	title        = {{Reduced-Order Modeling of Vehicle Aerodynamics via Proper Orthogonal Decomposition}},
	volume       = {12},
	journal      = {SAE International Journal of Passenger Cars - Mechanical Systems},
	publisher    = {SAE International},
	author       = {Mrosek, Markus and Othmer, Carsten and Radespiel, Rolf}
}

@article{nguyen2007best,
	year         = {2007},
	pages        = {521–543},
	title        = {{A `best points' interpolation method for efficient approximation of parametrized functions}},
	volume       = {73},
	journal      = {International Journal for Numerical Methods in Engineering},
	publisher    = {Wiley},
	author       = {Nguyen, N. C. and Patera, A. T. and Peraire, J.}
}

@article{nolte2010tangled,
	year         = {2010},
	pages        = {33–38},
	title        = {{The tangled tale of phase space}},
	volume       = {63},
	journal      = {Physics Today},
	publisher    = {AIP Publishing},
	author       = {Nolte, David D.}
}

@book{nreddy2018introduction,
	year         = {2018},
	pages        = {816},
	title        = {{Introduction to the Finite Element Method}},
	edition      = {4},
	publisher    = {McGraw-Hill},
	author       = {J. N. Reddy}
}

@article{oliver2017reduced,
	year         = {2017},
	pages        = {560--595},
	title        = {{Reduced order modeling strategies for computational multiscale fracture}},
	volume       = {313},
	journal      = {Computer Methods in Applied Mechanics and Engineering},
	publisher    = {Elsevier},
	author       = {Oliver, Javier and Caicedo, M and Huespe, Alfredo Edmundo and Hern{\'a}ndez, J. A.  and Roubin, Emmanuel}
}

@article{pan2015subspace,
	year         = {2015},
	pages        = {242},
	title        = {{Subspace dynamic simulation using rotation-strain coordinates}},
	number       = {6},
	volume       = {34},
	journal      = {ACM Transactions on Graphics (TOG)},
	publisher    = {ACM},
	author       = {Pan, Zherong and Bao, Hujun and Huang, Jin}
}

@article{parish2020adjoint,
	year         = {2020},
	pages        = {112991},
	title        = {{The Adjoint Petrov–Galerkin method for non-linear model reduction}},
	volume       = {365},
	journal      = {Computer Methods in Applied Mechanics and Engineering},
	publisher    = {Elsevier BV},
	author       = {Parish, Eric J. and Wentland, Christopher R. and Duraisamy, Karthik}
}

@inproceedings{patel2013latent,
	year         = {2013},
	pages        = {225--232},
	title        = {{Latent space sparse subspace clustering}},
	booktitle    = {Proceedings of the IEEE international conference on computer vision},
	author       = {Patel, Vishal M and Van Nguyen, Hien and Vidal, Ren{\'e}}
}

@article{Patera_2017_EQP,
	issn         = {1778-3569},
	year         = {2017},
	month        = {nov},
	pages        = {1161–1167},
	title        = {{An LP empirical quadrature procedure for parametrized functions}},
	number       = {11},
	volume       = {355},
	journal      = {Comptes Rendus. Math\'{e}matique},
	publisher    = {Cellule MathDoc/Centre Mersenne},
	author       = {Patera, Anthony T. and Yano, Masayuki}
}

@article{peherstorfer2014localized,
	year         = {2014},
	pages        = {A168–A192},
	title        = {{Localized Discrete Empirical Interpolation Method}},
	volume       = {36},
	journal      = {SIAM Journal on Scientific Computing},
	publisher    = {Society for Industrial \& Applied Mathematics (SIAM)},
	author       = {Peherstorfer, Benjamin and Butnaru, Daniel and Willcox, Karen and Bungartz, Hans-Joachim}
}

@article{peherstorfer2020stability,
	year         = {2020},
	pages        = {A2837–A2864},
	title        = {{Stability of Discrete Empirical Interpolation and Gappy Proper Orthogonal Decomposition with Randomized and Deterministic Sampling Points}},
	volume       = {42},
	journal      = {SIAM Journal on Scientific Computing},
	publisher    = {Society for Industrial \& Applied Mathematics (SIAM)},
	author       = {Peherstorfer, Benjamin and Drma\v{c}, Zlatko and Gugercin, Serkan}
}

@article{peng2010wireless,
	year         = {2010},
	pages        = {1587–1598},
	title        = {{Wireless Energy Transfer Through Non-Resonant Magnetic Coupling}},
	volume       = {24},
	journal      = {Journal of Electromagnetic Waves and Applications},
	publisher    = {Informa UK Limited},
	author       = {Peng, L. and Breinbjerg, O. and Mortensen, N. A.}
}

@article{pereira2021learning,
	year         = {2021},
	pages        = {111044},
	title        = {{Learning software configuration spaces: A systematic literature review}},
	volume       = {182},
	journal      = {Journal of Systems and Software},
	publisher    = {Elsevier BV},
	author       = {Pereira, Juliana Alves and Acher, Mathieu and Martin, Hugo and J\'{e}z\'{e}quel, Jean-Marc and Botterweck, Goetz and Ventresque, Anthony}
}

@article{peri2005high-fidelity,
	year         = {2005},
	pages        = {159–175},
	title        = {{High-Fidelity Models and Multiobjective Global Optimization Algorithms in Simulation-Based Design}},
	volume       = {49},
	journal      = {Journal of Ship Research},
	publisher    = {The Society of Naval Architects and Marine Engineers},
	author       = {Peri, Daniele and Campana, Emilio F.}
}

@article{pho2022improvements,
	year         = {2022},
	pages        = {114106},
	title        = {{Improvements of the Newton–Raphson method}},
	volume       = {408},
	journal      = {Journal of Computational and Applied Mathematics},
	publisher    = {Elsevier BV},
	author       = {Pho, Kim-Hung}
}

@inbook{pliuhin2023implementation,
	year         = {2023},
	pages        = {514–531},
	title        = {{Implementation of Induction Motor Speed and Torque Control System with Reduced Order Model in ANSYS Twin Builder}},
	booktitle    = {International Conference on Reliable Systems Engineering (ICoRSE) - 2023},
	publisher    = {Springer Nature Switzerland},
	author       = {Pliuhin, Vladyslav and Tsegelnyk, Yevgen and Plankovskyy, Sergiy and Aksonov, Oleksandr and Kombarov, Volodymyr}
}

@article{polkovnikov2010phase,
	year         = {2010},
	pages        = {1790–1852},
	title        = {{Phase space representation of quantum dynamics}},
	volume       = {325},
	journal      = {Annals of Physics},
	publisher    = {Elsevier BV},
	author       = {Polkovnikov, Anatoli}
}

@article{provost1980riemannian,
	year         = {1980},
	pages        = {289–301},
	title        = {{Riemannian structure on manifolds of quantum states}},
	volume       = {76},
	journal      = {Communications in Mathematical Physics},
	publisher    = {Springer Science and Business Media LLC},
	author       = {Provost, J. P. and Vallee, G.}
}

@book{Pukelsheim2006,
	year         = {2006},
	month        = {jan},
	title        = {{Optimal Design of Experiments}},
	publisher    = {Society for Industrial and Applied Mathematics},
	author       = {Friedrich Pukelsheim}
}

@article{qian2020lift,
	year         = {2020},
	pages        = {132401},
	title        = {{Lift \& Learn: Physics-informed machine learning for large-scale nonlinear dynamical systems}},
	volume       = {406},
	journal      = {Physica D: Nonlinear Phenomena},
	publisher    = {Elsevier},
	author       = {Qian, E. and Kramer, B. and Peherstorfer, B. and Willcox, K.}
}

@book{quarteroni2008numerical,
	year         = {2008},
	title        = {{Numerical Approximation of Partial Differential Equations}},
	volume       = {23},
	publisher    = {Springer Science \& Business Media},
	author       = {Quarteroni, Alfio and Valli, Alberto}
}

@article{raben2012adaptive,
	year         = {2012},
	pages        = {025303},
	title        = {{Adaptive gappy proper orthogonal decomposition for particle image velocimetry data reconstruction}},
	volume       = {23},
	journal      = {Measurement Science and Technology},
	publisher    = {IOP Publishing},
	author       = {Raben, Samuel G and Charonko, John J and Vlachos, Pavlos P}
}

@article{reimers1996analytic,
	year         = {1996},
	pages        = {417–423},
	title        = {{Analytic solutions to resonant and non-resonant through-bridge electronic coupling}},
	volume       = {7},
	journal      = {Nanotechnology},
	publisher    = {IOP Publishing},
	author       = {Reimers, J R and Hush, N S}
}

@article{riffaud2021dgdd,
	year         = {2021},
	pages        = {110336},
	title        = {{The DGDD method for reduced-order modeling of conservation laws}},
	volume       = {437},
	journal      = {Journal of Computational Physics},
	publisher    = {Elsevier BV},
	author       = {Riffaud, S\'{e}bastien and Bergmann, Michel and Farhat, Charbel and Grimberg, Sebastian and Iollo, Angelo}
}

@unpublished{riffaud2024accurate,
	pdf          = {https://inria.hal.science/hal-04361506v2/file/main.pdf},
	note         = {working paper or preprint},
	year         = {2024},
	title        = {{Accurate and robust predictions for model order reduction via an adaptive, hybrid FOM/ROM approach}},
	hal_id       = {hal-04361506},
	keywords     = {Reduced-order model ; Hyper-reduction ; Error estimation ; Adaptive model reduction ; Proper orthogonal decomposition},
	hal_version  = {v2},
	author       = {Riffaud, S{\'e}bastien}
}

@article{ripepi2018reduced-order,
	year         = {2018},
	pages        = {171–193},
	title        = {{Reduced-order models for aerodynamic applications, loads and {MDO}}},
	volume       = {9},
	journal      = {CEAS Aeronautical Journal},
	publisher    = {Springer Science and Business Media LLC},
	author       = {M. Ripepi \& M. J. Verveld \& N. W. Karcher \& T. Franz \& M. Abu-Zurayk \& S. G\"{o}rtz \& T. M. Kier}
}

@inproceedings{romanowski1996reduced,
	year         = {1996},
	pages        = {3981},
	title        = {{Reduced Order Unsteady Aerodynamic and Aeroelastic Models Using Karhunen–Lo\`{e}ve Eigenmodes}},
	address      = {Bellevue, WA},
	booktitle    = {Proceedings of the 6th AIAA/USAF/NASA/ISSMO Symposium on Multidisciplinary Analysis and Optimization},
	organization = {AIAA},
	author       = {M. C. Romanowski}
}

@article{rosu2005supersymmetric,
	year         = {2005},
	title        = {{Supersymmetric pairing of kinks for polynomial nonlinearities}},
	volume       = {71},
	journal      = {Physical Review E},
	publisher    = {American Physical Society (APS)},
	author       = {Rosu, H. C. and Cornejo-P\'{e}rez, O.}
}

@article{rowley2005model,
	year         = {2005},
	pages        = {997–1013},
	title        = {{MODEL REDUCTION FOR FLUIDS, USING BALANCED PROPER ORTHOGONAL DECOMPOSITION}},
	volume       = {15},
	journal      = {International Journal of Bifurcation and Chaos},
	publisher    = {World Scientific Pub Co Pte Lt},
	author       = {ROWLEY, C. W.}
}

@article{rowley2017model,
	year         = {2017},
	pages        = {387–417},
	title        = {{Model Reduction for Flow Analysis and Control}},
	volume       = {49},
	journal      = {Annual Review of Fluid Mechanics},
	publisher    = {Annual Reviews},
	author       = {Rowley, Clarence W. and Dawson, Scott T.M.}
}

@book{RozzaBallarinScandurraPichi2024,
	year         = {2024},
	title        = {{Real Time Reduced Order Computational Mechanics}},
	series       = {SISSA Springer Series},
	publisher    = {Springer Cham},
	author       = {Rozza, Gianluigi and Ballarin, Francesco and Scandurra, Leonardo and Pichi, Federico}
}

@article{rubino2020numerical,
	year         = {2020},
	pages        = {2019–2058},
	title        = {{Numerical Analysis of a Projection-Based Stabilized POD-ROM for Incompressible Flows}},
	volume       = {58},
	journal      = {SIAM Journal on Numerical Analysis},
	publisher    = {Society for Industrial \& Applied Mathematics (SIAM)},
	author       = {Rubino, Samuele}
}

@article{Rutzmoser_2017,
	year         = {2017},
	pages        = {196–209},
	title        = {{Generalization of quadratic manifolds for reduced order modeling of nonlinear structural dynamics}},
	volume       = {192},
	journal      = {Computers \& Structures},
	publisher    = {Elsevier BV},
	author       = {J.B. Rutzmoser \& D.J. Rixen \& P. Tiso \& S. Jain}
}

@article{ryckelynck2005priori,
	year         = {2005},
	pages        = {346–366},
	title        = {{A priori hyperreduction method: an adaptive approach}},
	volume       = {202},
	journal      = {Journal of Computational Physics},
	publisher    = {Elsevier BV},
	author       = {D. Ryckelynck}
}

@article{ryckelynck2008hyper‐reduction,
	year         = {2008},
	pages        = {75–89},
	title        = {{Hyper-reduction of mechanical models involving internal variables}},
	volume       = {77},
	journal      = {International Journal for Numerical Methods in Engineering},
	publisher    = {Wiley},
	author       = {Ryckelynck, D.}
}

@article{saha2019reduced,
	year         = {2019},
	pages        = {113324--113334},
	title        = {{Reduced Order Modeling and Sliding Mode Control of Active Magnetic Bearing}},
	volume       = {7},
	journal      = {IEEE Access},
	keywords     = {Mathematical model;Finite element analysis;Magnetic levitation;Rotors;Sliding mode control;Reduced order systems;Numerical models;Active magnetic bearing;finite element method;full order model;3D simulation;model order reduction;reduced order model;sliding mode control;finite time convergence},
	author       = {Saha, Sudipta and Amrr, Syed Muhammad and Nabi, Mashuq Un and Iqbal, Atif}
}

@article{shami2022nonlinear,
	year         = {2022},
	pages        = {2701–2731},
	title        = {{Nonlinear dynamics of coupled oscillators in 1:2 internal resonance: effects of the non-resonant quadratic terms and recovery of the saturation effect}},
	volume       = {57},
	journal      = {Meccanica},
	publisher    = {Springer Science and Business Media LLC},
	author       = {Shami, Zein Alabidin and Shen, Yichang and Giraud-Audine, Christophe and Touz\'{e}, Cyril and Thomas, Olivier}
}

@inproceedings{Sharma_2018,
	year         = {2018},
	month        = {apr},
	title        = {{RB-FEA Based Digital Twin for Structural Integrity Assessment of Offshore Structures}},
	booktitle    = {Day 3 Wed, May 02, 2018},
	publisher    = {OTC},
	author       = {Sharma, Partha and Knezevic, David and Huynh, Phuong and Malinowski, Grzegorz}
}

@article{sharma2022digital,
	year         = {2022},
	pages        = {100383},
	title        = {{Digital Twins: State of the art theory and practice, challenges, and open research questions}},
	volume       = {30},
	journal      = {Journal of Industrial Information Integration},
	publisher    = {Elsevier BV},
	author       = {Sharma, Angira and Kosasih, Edward and Zhang, Jie and Brintrup, Alexandra and Calinescu, Anisoara}
}

@article{shaw1991non-linear,
	year         = {1991},
	pages        = {170–173},
	title        = {{Non-linear normal modes and invariant manifolds}},
	volume       = {150},
	journal      = {Journal of Sound and Vibration},
	publisher    = {Elsevier BV},
	author       = {Shaw, S.W. and Pierre, C.}
}

@article{sheriffdeen2019accelerating,
	year         = {2019},
	title        = {{Accelerating PDE-constrained Inverse Solutions with Deep Learning and Reduced Order Models}},
	keywords     = {Computational Physics (physics.comp-ph),  Machine Learning (cs.LG),  Machine Learning (stat.ML),  FOS: Physical sciences,  FOS: Physical sciences,  FOS: Computer and information sciences,  FOS: Computer and information sciences},
	copyright    = {arXiv.org perpetual,  non-exclusive license},
	publisher    = {arXiv},
	author       = {Sheriffdeen,  Sheroze and Ragusa,  Jean C. and Morel,  Jim E. and Adams,  Marvin L. and Bui-Thanh,  Tan}
}

@article{shi2000modeling,
	year         = {2000},
	pages        = {423–439},
	title        = {{Modeling of dynamic systems using latent variable and subspace methods}},
	volume       = {14},
	journal      = {Journal of Chemometrics},
	publisher    = {Wiley},
	author       = {Shi, Ruijie and MacGregor, John F.}
}

@article{shin2016nonadaptive,
	year         = {2016},
	pages        = {A385–A411},
	title        = {{Nonadaptive Quasi-Optimal Points Selection for Least Squares Linear Regression}},
	volume       = {38},
	journal      = {SIAM Journal on Scientific Computing},
	publisher    = {Society for Industrial \& Applied Mathematics (SIAM)},
	author       = {Shin, Yeonjong and Xiu, Dongbin}
}

@incollection{Siemens2021simcenterd,
	year         = {2021},
	pages        = {3067--3070},
	title        = {{Simcenter \uppercase{STAR-CCM+} {U}ser {G}uide, version 2021.1}},
	booktitle    = {Adaptive Mesh Refinement for Overset Meshes},
	publisher    = {Siemens},
	author       = {Siemens Digital Industries Software}
}

@article{Sikander_2017,
	year         = {2017},
	month        = {jan},
	pages        = {316–324},
	title        = {{A New Technique For Reduced-Order Modelling of Linear Time-Invariant System}},
	number       = {3},
	volume       = {63},
	journal      = {IETE Journal of Research},
	publisher    = {Informa UK Limited},
	author       = {Sikander, Afzal and Prasad, Rajendra}
}

@incollection{simo1989analytical,
	year         = {1990},
	pages        = {285--329},
	title        = {{On the Analytical and Numerical Approximation of Invariant Manifolds}},
	address      = {Paris},
	booktitle    = {Les M{'e}thodes Modernes de la M{'e}canique C{'e}leste},
	publisher    = {Editions Fronti{`e}res},
	author       = {Carles Sim{'o}},
	editor       = {Daniel Benest and Claude Froeschl{'e}}
}

@article{sirovich1987low-dimensional,
	year         = {1987},
	pages        = {519--524},
	title        = {{Low-dimensional procedure for the characterization of human faces}},
	volume       = {4},
	journal      = {J. Opt. Soc. Am. A},
	publisher    = {Optica Publishing Group},
	author       = {L. Sirovich and M. Kirby}
}

@article{slaats1995modelb,
	year         = {1995},
	pages        = {1155–1171},
	title        = {{Model reduction tools for nonlinear structural dynamics}},
	volume       = {54},
	journal      = {Computers \&amp; Structures},
	publisher    = {Elsevier BV},
	author       = {Slaats, P.M.A. and de Jongh, J. and Sauren, A.A.H.J.}
}

@techreport{slotnick2014cfd,
	url          = {https://ntrs.nasa.gov/api/citations/20140003093/downloads/20140003093.pdf},
	note         = {Accessed: 2024-11-28},
	year         = {2014},
	title        = {{CFD Vision 2030 Study: A Path to Revolutionary Computational Aerosciences}},
	number       = {NASA/CR-2014-218178},
	institution  = {NASA},
	author       = {Jeffrey Slotnick \& Abdollah Khodadoust \& Juan Alonso \& David Darmofal \& William Gropp \& Elizabeth Lurie \& Dimitri Mavriplis}
}

@article{Sobol1967distribution,
	year         = {1967},
	month        = {jan},
	pages        = {86–112},
	title        = {{On the distribution of points in a cube and the approximate evaluation of integrals}},
	number       = {4},
	volume       = {7},
	journal      = {USSR Computational Mathematics and Mathematical Physics},
	publisher    = {Elsevier BV},
	author       = {Sobol',  I.M}
}

@article{soize2016nonparametric,
	year         = {2016},
	pages        = {837–888},
	title        = {{A nonparametric probabilistic approach for quantifying uncertainties in low-dimensional and high-dimensional nonlinear models}},
	volume       = {109},
	journal      = {International Journal for Numerical Methods in Engineering},
	publisher    = {Wiley},
	author       = {Soize, C. and Farhat, C.}
}

@article{song2019radial,
	year         = {2019},
	pages        = {965–981},
	title        = {{A radial basis function-based multi-fidelity surrogate model: exploring correlation between high-fidelity and low-fidelity models}},
	volume       = {60},
	journal      = {Structural and Multidisciplinary Optimization},
	publisher    = {Springer Science and Business Media LLC},
	author       = {Song, Xueguan and Lv, Liye and Sun, Wei and Zhang, Jie}
}

@article{srivastava2012optical,
	year         = {2012},
	pages        = {209–278},
	title        = {{Optical imaging and three dimensional reconstruction of the concentration field around a crystal growing from an aqueous solution: A review}},
	volume       = {58},
	journal      = {Progress in Crystal Growth and Characterization of Materials},
	publisher    = {Elsevier BV},
	author       = {Srivastava, Atul and Muralidhar, K. and Panigrahi, P.K.}
}

@article{su2023regularized,
	year         = {2023},
	pages        = {1027–1044},
	title        = {{Regularized denoising latent subspace based linear regression for image classification}},
	volume       = {26},
	journal      = {Pattern Analysis and Applications},
	publisher    = {Springer Science and Business Media LLC},
	author       = {Su, Ziyi and Wenbo, Wang and Zhang, Weibin}
}

@article{Tan_2018,
	year         = {2018},
	month        = {oct},
	pages        = {35–53},
	title        = {{Trajectory-based DEIM ({TDEIM}) model reduction applied to reservoir simulation}},
	number       = {1},
	volume       = {23},
	journal      = {Computational Geosciences},
	publisher    = {Springer Science and Business Media LLC},
	author       = {Xiaosi Tan \& Eduardo Gildin \& Horacio Florez \& Sumeet Trehan \& Yahan Yang \& Nazish Hoda}
}

@article{TANNOUS_2024,
	year         = {2024},
	title        = {{Machine Learning ({ML}) Based Reduced Order Modelling ({ROM}) for Linear and Non-Linear Solid and Structural Mechanics}},
	publisher    = {Elsevier BV},
	author       = {TANNOUS, Mikhael and Ghnatios, Chady and Fonn, Eivind and Kvamsdal, Trond and Chinesta, Francisco}
}

@article{tano2021evaluation,
	year         = {2021},
	pages        = {100841},
	title        = {{Evaluation of pressure reconstruction techniques for Model Order Reduction in incompressible convective heat transfer}},
	volume       = {23},
	journal      = {Thermal Science and Engineering Progress},
	publisher    = {Elsevier BV},
	author       = {Tano, Mauricio and German, Peter and Ragusa, Jean}
}

@article{tasker2008a_hydrodynamic,
	year         = {2008},
	month        = {nov},
	pages        = {1267--1281},
	title        = {{A test suite for quantitative comparison of hydrodynamic codes in astrophysics}},
	number       = {3},
	volume       = {390},
	journal      = {Mon. Not. R. Astron. Soc.},
	publisher    = {Oxford Academic},
	author       = {Elizabeth J. Tasker \& Riccardo Brunino \& Nigel L. Mitchell \& Dolf Michielsen \& Stephen Hopton \& Frazer R. Pearce \& Greg L. Bryan \& Tom Theuns}
}

@article{tezaur2022robust,
	year         = {2022},
	pages        = {115392},
	title        = {{Robust and globally efficient reduction of parametric, highly nonlinear computational models and real time online performance}},
	volume       = {399},
	journal      = {Computer Methods in Applied Mechanics and Engineering},
	publisher    = {Elsevier BV},
	author       = {Tezaur, Radek and As'ad, Faisal and Farhat, Charbel}
}

@inbook{tiso2013discrete,
	year         = {2013},
	pages        = {203–212},
	title        = {{Discrete Empirical Interpolation Method for Finite Element Structural Dynamics}},
	booktitle    = {Topics in Nonlinear Dynamics, Volume 1},
	publisher    = {Springer New York},
	author       = {Tiso, Paolo and Rixen, Daniel J.}
}

@article{Touz__2021,
	year         = {2021},
	pages        = {1141–1190},
	title        = {{Model order reduction methods for geometrically nonlinear structures: a review of nonlinear techniques}},
	volume       = {105},
	journal      = {Nonlinear Dynamics},
	publisher    = {Springer Science and Business Media LLC},
	author       = {Touz\'{e}, Cyril and Vizzaccaro, Alessandra and Thomas, Olivier}
}

@article{trentelman2002control,
	year         = {2002},
	pages        = {B87–B87},
	title        = {{Control Theory for Linear Systems}},
	volume       = {55},
	journal      = {Applied Mechanics Reviews},
	publisher    = {ASME International},
	author       = {Trentelman, HL and Stoorvogel, AA and Hautus, M and Dewell, L}
}

@book{vales2023energyb,
	year         = {2023},
	title        = {{Energy conserving quadrature based dimensionality reduction for nonlinear hydrodynamics problems}},
	institution  = {Office of Scientific and Technical Information (OSTI)},
	author       = {Vales, Chris and Choi, Youngsoo and Copeland, Dylan and Cheung, Siu}
}

@inbook{verleysen1999forecasting,
	year         = {1999},
	pages        = {596–605},
	title        = {{Forecasting financial time series through intrinsic dimension estimation and non-linear data projection}},
	booktitle    = {Engineering Applications of Bio-Inspired Artificial Neural Networks},
	publisher    = {Springer Berlin Heidelberg},
	author       = {Verleysen, M. and de Bodt, E. and Lendasse, A.}
}

@book{versteeg_introduction_2007,
	year         = {2007},
	month        = {feb},
	title        = {{An Introduction to {Computational} {Fluid} {Dynamics}: {The} {Finite} {Volume} {Method}}},
	address      = {Harlow},
	edition      = {2nd edition},
	language     = {English},
	publisher    = {Pearson},
	shorttitle   = {An {Introduction} to {Computational} {Fluid} {Dynamics}},
	author       = {Versteeg, H.}
}

@article{verveer1995evaluation,
	year         = {1995},
	pages        = {81--86},
	title        = {{An evaluation of intrinsic dimensionality estimators}},
	volume       = {17},
	journal      = {IEEE Transactions on Pattern Analysis and Machine Intelligence},
	keywords     = {Vectors;Pattern recognition;Neural networks;Physics;Eigenvalues and eigenfunctions;Covariance matrix;Biological cells;Data analysis;Chemistry;Chemical technology},
	author       = {Verveer, P.J. and Duin, R.P.W.}
}

@article{vetting2005structure,
	year         = {2005},
	pages        = {212–226},
	title        = {{Structure and functions of the GNAT superfamily of acetyltransferases}},
	volume       = {433},
	journal      = {Archives of Biochemistry and Biophysics},
	publisher    = {Elsevier BV},
	author       = {Vetting, Matthew W. and S. de Carvalho, Luiz Pedro and Yu, Michael and Hegde, Subray S. and Magnet, Sophie and Roderick, Steven L. and Blanchard, John S.}
}

@software{vicente_mataix_ferrandiz_2022_6395887,
	year         = {2022},
	title        = {{KratosMultiphysics/Kratos:}},
	version      = {v9.1.2},
	publisher    = {Zenodo},
	author       = {Vicente Mataix Ferr\'{a}ndiz and Philipp Bucher and Rub\'{e}n Zorrilla and Riccardo Rossi and jcotela and Alejandro Cornejo Vel\'{a}zquez and Miguel Angel Celigueta and Josep Maria and tteschemacher and Carlos Roig and Guillermo Casas and miguelmaso and Suneth Warnakulasuriya and Marc N\'{u}\~{n}ez and Pooyan Dadvand and Salva Latorre and Ignasi de Pouplana and Joaqu\'{\i}n Iraz\'{a}bal Gonz\'{a}lez and Ferran Arrufat and riccardotosi and Aditya Ghantasala and Peter Wilson and dbaumgaertner and Bodhinanda Chandra and AFranci and Armin Geiser and Klaus Bernd Sautter and Inigo Lopez and llu\'{\i}s and Javi G\'{a}rate}
}

@article{von2013efficient,
	year         = {2013},
	pages        = {213},
	title        = {{An efficient construction of reduced deformable objects}},
	number       = {6},
	volume       = {32},
	journal      = {ACM Transactions on Graphics (TOG)},
	publisher    = {ACM},
	author       = {von Tycowicz, Christoph and Schulz, Christian and Seidel, Hans-Peter and Hildebrandt, Klaus}
}

@article{vorobev2018high-fidelity,
	year         = {2018},
	pages        = {874--887},
	title        = {{High-Fidelity Model Order Reduction for Microgrids Stability Assessment}},
	volume       = {33},
	journal      = {IEEE Transactions on Power Systems},
	keywords     = {Power system stability;Microgrids;Stability analysis;Power system dynamics;Reduced order systems;Computational modeling;Inverters;Droop control;microgrids;reduced-order model;small-signal stability},
	author       = {Vorobev, Petr and Huang, Po-Hsu and Al Hosani, Mohamed and Kirtley, James L. and Turitsyn, Konstantin}
}

@article{wang2019debiased,
	year         = {2019},
	pages        = {442–454},
	title        = {{Debiased Inference on Treatment Effect in a High-Dimensional Model}},
	volume       = {115},
	journal      = {Journal of the American Statistical Association},
	publisher    = {Informa UK Limited},
	author       = {Wang, Jingshen and He, Xuming and Xu, Gongjun}
}

@article{wang2020multi‐fidelity,
	year         = {2020},
	pages        = {1826–1844},
	title        = {{Multi-fidelity surrogate reduced-order modeling of steady flow estimation}},
	volume       = {92},
	journal      = {International Journal for Numerical Methods in Fluids},
	publisher    = {Wiley},
	author       = {Wang, Xu and Kou, Jiaqing and Zhang, Weiwei}
}

@article{wang2024novel,
	year         = {2024},
	title        = {{A novel hyper-reduction framework featuring direct projection without an approximation process}},
	volume       = {36},
	journal      = {Physics of Fluids},
	publisher    = {AIP Publishing},
	author       = {Wang, Hongjiang and Jiang, Genghui and Wang, Weizhe and Liu, Yingzheng}
}

@inproceedings{washabaugh2012nonlinear,
	year         = {2012},
	pages        = {2686},
	title        = {{Nonlinear model reduction for CFD problems using local reduced-order bases}},
	booktitle    = {42nd AIAA Fluid Dynamics Conference and Exhibit},
	author       = {Washabaugh, Kyle and Amsallem, David and Zahr, Matthew and Farhat, Charbel}
}

@article{whess2020reduced,
	year         = {2020},
	pages        = {119--126},
	title        = {{Reduced basis model order reduction for Navier–Stokes equations in domains with walls of varying curvature}},
	number       = {2},
	volume       = {34},
	journal      = {International Journal of Computational Fluid Dynamics},
	publisher    = {Taylor \& Francis},
	author       = {Martin W. Hess and Annalisa Quaini and Gianluigi Rozza}
}

@article{williamson2012multidimensional,
	year         = {2012},
	month        = {apr},
	pages        = {149--163},
	title        = {{Multidimensional multiphysics simulation of nuclear fuel behavior}},
	number       = {1},
	volume       = {423},
	journal      = {J. Nucl. Mater.},
	publisher    = {North-Holland},
	author       = {R. L. Williamson \& J. D. Hales \& S. R. Novascone \& M. R. Tonks \& D. R. Gaston \& C. J. Permann \& D. Andrs \& R. C. Martineau}
}

@article{xiao2013non-linear,
	year         = {2013},
	pages        = {147–157},
	title        = {{Non-linear Petrov–Galerkin methods for reduced order modelling of the Navier–Stokes equations using a mixed finite element pair}},
	volume       = {255},
	journal      = {Computer Methods in Applied Mechanics and Engineering},
	publisher    = {Elsevier BV},
	author       = {Xiao, D. and Fang, F. and Du, J. and Pain, C.C. and Navon, I.M. and Buchan, A.G. and ElSheikh, A.H. and Hu, G.}
}

@article{xie2013change-point,
	year         = {2013},
	pages        = {12--27},
	title        = {{Change-Point Detection for High-Dimensional Time Series With Missing Data}},
	volume       = {7},
	journal      = {IEEE Journal of Selected Topics in Signal Processing},
	keywords     = {Kernel;Data models;Manifolds;Estimation;Approximation methods;Streaming media;Computational modeling;Statistical learning;signal processing algorithms;signal detection;change detection algorithms},
	author       = {Xie, Yao and Huang, Jiaji and Willett, Rebecca}
}

@article{yan2020reduced-order,
	year         = {2020},
	pages        = {1836–1848},
	title        = {{Reduced-order models for radiative heat transfer of hypersonic vehicles}},
	volume       = {234},
	journal      = {Proceedings of the Institution of Mechanical Engineers, Part G: Journal of Aerospace Engineering},
	publisher    = {SAGE Publications},
	author       = {Yan, Xiaoxuan and Han, Jinglong and Yun, Haiwei and Chen, Xiaomao}
}

@article{yang2016fastb,
	year         = {2016},
	pages        = {2141–2154},
	title        = {{Fast Multiscale Reservoir Simulations With POD-DEIM Model Reduction}},
	volume       = {21},
	journal      = {SPE Journal},
	publisher    = {Society of Petroleum Engineers (SPE)},
	author       = {Yang, Yanfang and Ghasemi, Mohammadreza and Gildin, Eduardo and Efendiev, Yalchin and Calo, Victor}
}

@article{yano2019lp,
	year         = {2019},
	pages        = {1104–1123},
	title        = {{An LP empirical quadrature procedure for reduced basis treatment of parametrized nonlinear PDEs}},
	volume       = {344},
	journal      = {Computer Methods in Applied Mechanics and Engineering},
	publisher    = {Elsevier BV},
	author       = {Yano, Masayuki and Patera, Anthony T.}
}

@article{yaseen2023fastb,
	year         = {2023},
	pages        = {3123–3139},
	title        = {{Fast and accurate reduced-order modeling of a MOOSE-based additive manufacturing model with operator learning}},
	volume       = {129},
	journal      = {The International Journal of Advanced Manufacturing Technology},
	publisher    = {Springer Science and Business Media LLC},
	author       = {Yaseen, Mahmoud and Yushu, Dewen and German, Peter and Wu, Xu}
}

@article{yoo2021multi-fidelity,
	year         = {2021},
	pages        = {113477},
	title        = {{Multi-fidelity robust design optimisation for composite structures based on low-fidelity models using successive high-fidelity corrections}},
	volume       = {259},
	journal      = {Composite Structures},
	publisher    = {Elsevier BV},
	author       = {Yoo, Kwangkyu and Bacarreza, Omar and Aliabadi, M.H. Ferri}
}

@article{yoon2016hyper-reduced-order,
	year         = {2016},
	pages        = {2128–2140},
	title        = {{Hyper-Reduced-Order Models for Subsurface Flow Simulation}},
	volume       = {21},
	journal      = {SPE Journal},
	publisher    = {Society of Petroleum Engineers (SPE)},
	author       = {Seonkyoo Yoon \& Zeid M. Alghareeb \& John R. Williams}
}

@article{ypma1995historical,
	year         = {1995},
	pages        = {531–551},
	title        = {{Historical Development of the Newton–Raphson Method}},
	volume       = {37},
	journal      = {SIAM Review},
	publisher    = {Society for Industrial \& Applied Mathematics (SIAM)},
	author       = {Ypma, Tjalling J.}
}

@article{yu2018subspace,
	year         = {2018},
	pages        = {2479–2489},
	title        = {{Subspace clustering based on latent low rank representation with Frobenius norm minimization}},
	volume       = {275},
	journal      = {Neurocomputing},
	publisher    = {Elsevier BV},
	author       = {Yu, Song and Yiquan, Wu}
}

@article{zahr2017multilevel,
	year         = {2017},
	pages        = {855–881},
	title        = {{A multilevel projection-based model order reduction framework for nonlinear dynamic multiscale problems in structural and solid mechanics}},
	volume       = {112},
	journal      = {International Journal for Numerical Methods in Engineering},
	publisher    = {Wiley},
	author       = {Zahr, Matthew J. and Avery, Philip and Farhat, Charbel}
}

@article{Zhang_2021,
	year         = {2021},
	month        = {jan},
	pages        = {141},
	title        = {{Periodic Analysis of Surface Acoustic Wave Resonator with Dimensionally Reduced PDE Model Using COMSOL Code}},
	number       = {2},
	volume       = {12},
	journal      = {Micromachines},
	publisher    = {MDPI AG},
	author       = {Zhang, Qiaozhen and Chen, Zhenglin and Chen, Yanguang and Dong, Jiahe and Tang, Panliang and Fu, Sulei and Wu, Haodong and Ma, Jinyi and Zhao, Xiangyong}
}

@article{zhang2016thermo-mechanical,
	year         = {2016},
	pages        = {373–382},
	title        = {{A thermo-mechanical coupled constitutive model for clay based on extended granular solid hydrodynamics}},
	volume       = {80},
	journal      = {Computers and Geotechnics},
	publisher    = {Elsevier BV},
	author       = {Zhang, Zhi-Chao and Cheng, Xiao-Hui}
}

@article{zhou2004spectral,
	year         = {2004},
	title        = {{Spectral Analysis of Polynomial Nonlinearity with Applications to RF Power Amplifiers}},
	volume       = {2004},
	journal      = {EURASIP Journal on Advances in Signal Processing},
	publisher    = {Springer Science and Business Media LLC},
	author       = {Zhou, G. Tong and Raich, Raviv}
}

@book{zienkiewicz2005finite,
	year         = {2005},
	title        = {{The finite element method: its basis and fundamentals}},
	publisher    = {Elsevier},
	author       = {Zienkiewicz, Olek C and Taylor, Robert L and Zhu, Jian Z}
}

@article{zimmermann2010non,
	year         = {2010},
	pages        = {165--174},
	title        = {{Non-linear reduced order models for steady aerodynamics}},
	number       = {1},
	volume       = {1},
	journal      = {Procedia Computer Science},
	publisher    = {Elsevier},
	author       = {Zimmermann, Ralf and G{\"o}rtz, Stefan}
}

@article{shin2016SOPT,
	year         = {2016},
	month        = {dec},
	pages        = {931--946},
	title        = {{On a near optimal sampling strategy for least squares polynomial regression}},
	volume       = {326},
	journal      = {J. Comput. Phys.},
	publisher    = {Academic Press},
	author       = {Yeonjong Shin and Dongbin Xiu}
}
@misc{stanford_cme345,
  author       = {Charbel Farhat},
  title        = {{CME 345: Projection-Based Model Order Reduction}},
  year         = {2024},
  url          = {https://web.stanford.edu/group/frg/course_work/CME345.html},
  note         = {Accessed: 2024-10-16}
}
@misc{cheung2022sopt,
  author       = {Siu Wun Cheung},
  title        = {S-OPT: A Points Selection Algorithm for Data-Driven Hyper-Reduction in Reduced Order Models},
  year         = {2022},
  note         = {Presented at the 6th Annual Machine Learning and Deep Learning Workshop, Sandia National Laboratories, July 25–28, 2022},
  url          = {https://www.sandia.gov/app/uploads/sites/177/2022/12/7_28_22_16_15_2022MLDLCheung.pdf},
}

@article{kim2021improved,
  title = {{Improved Nonlinear Analysis of a Propeller Blade Based on Hyper-Reduction}},
  volume = {60},
  number = {3},
  journal = {AIAA Journal},
  publisher = {American Institute of Aeronautics and Astronautics (AIAA)},
  author = {Kim,  Yongse and Kang,  Seung-Hoon and Cho,  Haeseong and Shin,  SangJoon},
  year = {2022},
  month = mar,
  pages = {1909–1922}
}

@inbook{Nguyen2024,
  title = {Model reduction techniques for parametrized nonlinear partial differential equations},
  ISBN = {9780443294488},
  ISSN = {0065-2156},
  booktitle = {Error Control,  Adaptive Discretizations,  and Applications,  Part 1},
  publisher = {Elsevier},
  author = {Nguyen,  Ngoc Cuong},
  year = {2024},
  pages = {149–204}
}

@article{hadamard1893,
  author = {Hadamard, Jacques},
  title = {Résolution d'une question relative aux déterminants},
  journal = {Bulletin des Sciences Mathématiques},
  volume = {17},
  pages = {240--246},
  year = {1893}
}

@book{Schiesser2009,
  title     = {A Compendium of Partial Differential Equation Models: Method of Lines Analysis with Matlab},
  author    = {William E. Schiesser and Graham W. Griffiths},
  year      = {2009},
  publisher = {Cambridge University Press},
  address   = {Cambridge, UK},
  isbn      = {978-0-521-51986-1},
}

@article{fastnnls1997,
  title = {A fast non-negativity-constrained least squares algorithm},
  volume = {11},
  number = {5},
  journal = {Journal of Chemometrics},
  publisher = {Wiley},
  author = {Bro,  Rasmus and De Jong,  Sijmen},
  year = {1997},
  month = sep,
  pages = {393–401}
}

@book{NNLSLawsonHanson1995,
  author       = {Charles L. Lawson and Richard J. Hanson},
  title        = {Solving Least Squares Problems},
  series       = {Classics in Applied Mathematics},
  volume       = {15},
  year         = {1995},
  publisher    = {Society for Industrial and Applied Mathematics (SIAM)},
  address      = {Philadelphia, PA},
  isbn         = {0-89871-356-0},
  note         = {Revised reprint of the 1974 original},
}

@article{2020SciPy-NMeth,
	author = {Virtanen, Pauli and Gommers, Ralf and Oliphant, Travis E. and Haberland, Matt and Reddy, Tyler and Cournapeau, ... , Tim and Zito, Tiziano and Krauss, Tom and Upadhyay, Utkarsh and Halchenko, Yaroslav O. and V{\ifmmode\acute{a}\else\'{a}\fi}zquez-Baeza, Yoshiki and {SciPy 1.0 Contributors}},
	title = {{SciPy 1.0: fundamental algorithms for scientific computing in Python}},
	journal = {Nat. Methods},
	volume = {17},
	number = {3},
	pages = {261--272},
	year = {2020},
	month = mar,
	publisher = {Nature Publishing Group}
}
@article{romor2025explicable,
	author = {Romor, Francesco and Stabile, Giovanni and Rozza, Gianluigi},
	title = {{Explicable hyper-reduced order models on nonlinearly approximated solution manifolds of compressible and incompressible Navier-Stokes equations}},
	journal = {J. Comput. Phys.},
	volume = {524},
	pages = {113729},
	year = {2025},
	month = mar,
	publisher = {Academic Press}
}